exchange,symbol,timestamp,local_timestamp,asks[0].price,asks[0].amount,bids[0].price,bids[0].amount,asks[1].price,asks[1].amount,bids[1].price,bids[1].amount,asks[2].price,asks[2].amount,bids[2].price,bids[2].amount,asks[3].price,asks[3].amount,bids[3].price,bids[3].amount,asks[4].price,asks[4].amount,bids[4].price,bids[4].amount
ftx,BTC-PERP,1619543289900648,1619543289915341,54795,8.1804,54794,0.9965,54797,0.0013,54790,0.015,54798,27.6763,54787,0.7796,54799,0.6,54786,4.321,54800,0.001,54782,0.3426
ftx,BTC-PERP,1619543289926398,1619543289942616,54795,8.1804,54794,0.9965,54797,0.0013,54790,0.015,54798,27.6763,54787,0.7796,54799,0.6,54786,4.321,54800,0.0923,54782,0.3426
ftx,BTC-PERP,1619543289951377,1619543289968411,54795,8.1804,54794,0.9965,54797,0.0013,54790,0.1063,54798,27.6763,54787,0.7796,54799,0.6,54786,4.321,54800,0.0923,54782,0.3426
ftx,BTC-PERP,1619543289978361,1619543289994432,54795,8.1804,54794,0.9965,54797,0.0013,54790,0.1063,54798,27.6763,54787,0.7796,54799,0.6,54786,4.321,54800,0.0923,54784,0.0913
ftx,BTC-PERP,1619543290006035,1619543290037884,54795,8.1804,54794,0.2165,54797,0.0013,54790,0.1063,54798,27.6763,54787,0.7796,54799,0.6,54786,4.321,54800,0.0923,54784,0.0913
ftx,BTC-PERP,1619543290052321,1619543290069240,54795,8.1804,54794,0.2165,54797,0.0013,54790,0.1063,54798,27.6763,54787,0.7796,54799,0.6,54786,0.321,54800,0.0923,54784,0.0913
ftx,BTC-PERP,1619543290102633,1619543290118355,54795,8.2438,54794,0.2165,54797,0.0013,54790,0.1063,54798,27.6763,54788,0.2398,54799,0.6,54787,0.7796,54800,0.0923,54786,0.321
ftx,BTC-PERP,1619543290154346,1619543290171167,54795,8.2552,54794,0.2165,54797,0.0013,54790,0.1063,54798,27.6763,54787,0.7796,54799,0.6,54786,0.321,54800,0.0923,54784,0.0913
ftx,BTC-PERP,1619543290178011,1619543290193677,54795,8.2552,54794,0.2165,54797,0.0013,54790,0.1063,54798,27.6763,54787,0.7796,54799,0.6,54786,0.321,54800,10.2301,54784,0.0913
ftx,BTC-PERP,1619543290226459,1619543290240857,54795,8.2552,54794,1.0314,54796,0.1027,54790,0.1063,54797,0.0013,54787,0.7796,54798,27.6763,54786,0.311,54799,0.6,54784,0.0913
ftx,BTC-PERP,1619543290276871,1619543290299087,54795,8.2552,54794,5.0314,54796,0.1027,54790,0.1063,54797,0.0013,54787,0.7796,54798,27.6763,54786,0.311,54799,0.6,54784,0.0913
ftx,BTC-PERP,1619543290352955,1619543290368210,54795,8.2438,54794,5.0314,54796,0.1027,54790,0.1063,54797,0.0013,54787,0.7796,54798,27.6763,54786,0.311,54799,0.6,54784,0.0913
ftx,BTC-PERP,1619543290502228,1619543290528480,54795,8.2438,54794,5.0414,54796,0.1027,54790,0.1063,54797,0.0013,54787,0.7796,54798,27.6763,54786,0.311,54799,0.6,54784,0.0913
ftx,BTC-PERP,1619543290654047,1619543290671053,54795,31.3015,54794,5.0414,54796,0.1027,54790,0.1063,54797,0.0013,54787,0.7796,54798,27.6763,54786,0.311,54799,0.6,54784,0.0913
ftx,BTC-PERP,1619543290696058,1619543290715639,54795,31.3015,54794,5.0414,54796,0.1027,54790,0.1063,54797,0.0013,54787,0.7796,54799,0.6,54786,0.311,54800,10.2301,54784,0.0913
ftx,BTC-PERP,1619543290809965,1619543290824897,54795,31.3015,54794,5.0414,54797,0.0013,54790,0.1063,54799,0.6,54787,0.7796,54800,10.2301,54786,0.311,54801,1.5347,54784,0.0913
ftx,BTC-PERP,1619543290985352,1619543291005955,54795,34.0842,54794,5.0414,54797,0.0013,54790,0.1063,54799,0.6,54787,0.7796,54800,10.2301,54786,0.311,54801,1.5347,54784,0.0913
ftx,BTC-PERP,1619543291034019,1619543291050042,54795,34.0842,54794,5.0414,54797,0.0013,54790,0.1063,54799,0.6,54787,0.7796,54800,10.2301,54786,0.31,54801,1.5347,54784,0.0913
ftx,BTC-PERP,1619543291285250,1619543291309301,54795,34.0842,54794,5.0414,54797,0.0013,54790,0.1063,54799,0.6,54787,0.7796,54800,10.2301,54786,0.01,54801,1.5347,54784,0.0913
ftx,BTC-PERP,1619543291309219,1619543291335036,54795,31.3015,54794,5.0424,54797,0.0013,54790,0.1063,54799,0.6,54787,0.7796,54800,10.2301,54786,0.01,54801,1.5347,54784,0.0913
ftx,BTC-PERP,1619543291333904,1619543291353111,54795,31.3015,54794,5.0424,54797,0.0013,54790,0.1063,54799,0.6,54788,0.3,54800,10.2301,54787,0.7796,54801,1.5347,54786,0.01
ftx,BTC-PERP,1619543291391720,1619543291413410,54795,31.3846,54794,5.0424,54797,0.0013,54790,0.1063,54799,0.6,54788,0.3,54800,10.2301,54787,0.7796,54801,1.5347,54786,0.01
ftx,BTC-PERP,1619543291434523,1619543291449980,54795,31.4046,54794,5.0424,54797,15.1015,54790,0.1063,54799,0.6,54788,0.3,54800,10.2301,54787,0.7796,54801,1.5347,54786,0.01
ftx,BTC-PERP,1619543291459466,1619543291476267,54795,8.3469,54794,5.0424,54797,15.1015,54790,0.1063,54799,0.6,54788,0.3,54800,10.2301,54787,0.7796,54801,1.5347,54786,0.01
ftx,BTC-PERP,1619543291520335,1619543291536457,54795,25.5311,54794,5.0424,54797,15.1015,54790,0.1063,54799,0.6,54788,0.3,54800,10.2301,54787,0.7796,54801,1.5347,54786,0.01
ftx,BTC-PERP,1619543291534130,1619543291548872,54795,25.448,54794,5.0424,54797,0.0013,54790,0.1063,54799,0.6,54788,0.3,54800,10.2301,54787,0.7796,54801,1.5347,54786,0.01
ftx,BTC-PERP,1619543291634312,1619543291652623,54795,25.551,54794,5.0424,54797,0.0013,54790,0.1063,54799,0.6,54788,0.3,54800,10.2301,54787,0.7796,54801,1.5347,54786,0.01
ftx,BTC-PERP,1619543291734364,1619543291749884,54795,25.551,54794,5.0424,54796,0.1025,54790,0.1063,54797,0.0013,54788,0.3,54799,0.6,54787,0.7796,54800,10.2301,54786,0.01
ftx,BTC-PERP,1619543292440008,1619543292458283,54795,25.448,54794,5.0424,54796,0.1025,54790,0.1063,54797,0.0013,54788,0.3,54799,0.6,54787,0.7796,54800,10.2301,54786,0.01
ftx,BTC-PERP,1619543292465620,1619543292483603,54795,28.2355,54794,5.0424,54796,0.1025,54790,0.1063,54797,0.0013,54788,0.3,54799,0.6,54787,0.7796,54800,10.2301,54786,0.01
ftx,BTC-PERP,1619543292532096,1619543292547055,54795,28.2464,54794,5.0424,54796,0.1025,54790,0.1063,54797,0.0013,54788,0.3,54799,0.6,54787,0.7796,54800,10.2301,54786,0.01
ftx,BTC-PERP,1619543292667956,1619543292683568,54795,28.2464,54794,5.0424,54797,0.0013,54790,0.1063,54799,0.6,54788,0.3,54800,10.2301,54787,0.7796,54801,1.5347,54786,0.01
ftx,BTC-PERP,1619543292692413,1619543292713971,54795,28.2464,54794,4.9402,54797,0.0013,54790,0.1063,54799,0.6,54788,0.3,54800,10.2301,54787,0.7796,54801,1.5347,54786,0.01
ftx,BTC-PERP,1619543292769232,1619543292785979,54795,28.2464,54794,4.8588,54797,0.0013,54790,0.1063,54799,0.6,54788,0.3,54800,10.2301,54787,0.7796,54801,1.5347,54786,0.01
ftx,BTC-PERP,1619543292792463,1619543292822902,54795,28.2464,54794,4.9984,54797,0.0013,54790,0.1063,54799,0.6,54788,0.3,54800,10.2301,54787,0.7796,54801,1.5347,54786,0.01
ftx,BTC-PERP,1619543292893786,1619543292908740,54795,28.2464,54794,5.0775,54797,0.0013,54790,0.1063,54799,0.6,54788,0.3,54800,10.2301,54787,0.7796,54801,1.5347,54786,0.01
ftx,BTC-PERP,1619543292971493,1619543292988144,54795,25.4589,54794,5.0775,54797,0.0013,54790,0.1063,54799,0.6,54788,0.3,54800,10.2301,54787,0.7796,54801,1.5347,54786,0.01
ftx,BTC-PERP,1619543293044268,1619543293102937,54795,8.2747,54794,5.0775,54797,0.0013,54790,0.1063,54799,0.6,54788,0.3,54800,10.2301,54787,0.7796,54801,1.5347,54786,0.01
ftx,BTC-PERP,1619543293094505,1619543293118248,54795,8.2347,54794,5.0785,54797,0.0013,54790,0.1063,54798,28.5638,54788,0.3,54799,0.6,54787,0.7796,54800,10.2301,54786,0.01
ftx,BTC-PERP,1619543293168770,1619543293186345,54795,2.4016,54794,5.0785,54797,0.0013,54790,0.1063,54798,28.5638,54788,0.3,54799,0.6,54787,0.7796,54800,10.2301,54786,0.01
ftx,BTC-PERP,1619543293195344,1619543293214456,54795,2.3582,54794,5.0785,54797,0.0013,54790,0.1063,54798,28.5638,54787,0.7796,54799,0.6,54786,0.01,54800,10.1388,54784,0.0913
ftx,BTC-PERP,1619543293221678,1619543293242352,54795,2.3582,54794,5.1485,54797,0.0013,54792,0.3,54799,0.6,54790,0.015,54800,10.1388,54787,0.7796,54801,1.5347,54786,0.01
ftx,BTC-PERP,1619543293245832,1619543293262621,54795,2.3582,54794,5.1685,54797,0.0013,54792,0.3,54799,0.6,54790,0.015,54800,10.1388,54787,1.3031,54801,1.5347,54786,0.147
ftx,BTC-PERP,1619543293320488,1619543293335348,54795,2.3582,54794,5.2598,54797,0.0013,54792,0.3,54799,0.6,54790,0.015,54800,10.1388,54787,1.3031,54801,1.5347,54786,0.147
ftx,BTC-PERP,1619543293573631,1619543293592380,54795,2.3582,54794,5.2588,54797,0.0013,54792,0.3,54799,0.6,54790,0.015,54800,10.1388,54787,1.3031,54801,1.5347,54786,0.147
ftx,BTC-PERP,1619543293698933,1619543293716063,54795,2.3473,54794,5.2588,54797,0.0013,54792,0.3,54799,0.6,54790,0.015,54800,10.1388,54787,1.3031,54801,1.5347,54786,0.147
ftx,BTC-PERP,1619543293798954,1619543293820469,54795,2.3473,54794,5.2598,54797,0.0013,54792,0.3,54799,0.6,54790,0.015,54800,10.1388,54787,1.3031,54801,1.5347,54786,0.147
ftx,BTC-PERP,1619543293971427,1619543293988585,54795,2.3473,54794,5.2598,54797,0.0013,54790,0.015,54799,0.6,54787,1.3031,54800,10.1388,54786,0.147,54801,1.5347,54784,0.0913
ftx,BTC-PERP,1619543294004472,1619543294025607,54795,2.3473,54794,5.2598,54797,0.0013,54790,0.015,54799,0.6,54787,1.3031,54800,10.1388,54786,0.01,54801,0.8051,54784,0.0913
ftx,BTC-PERP,1619543294022899,1619543294040311,54795,2.3473,54794,5.2598,54797,0.0013,54790,0.015,54799,0.6,54787,1.3031,54800,10.1388,54786,0.01,54801,0.8051,54782,0.3426
ftx,BTC-PERP,1619543294045232,1619543294063368,54795,2.1169,54794,5.5499,54797,0.0013,54790,0.015,54799,0.6,54788,0.137,54800,10.1388,54787,1.3031,54801,0.8051,54786,0.01
ftx,BTC-PERP,1619543294071791,1619543294087896,54795,2.0669,54794,6.2452,54797,0.0013,54790,0.015,54799,0.6,54788,3.6226,54800,10.1388,54787,1.2531,54801,0.8051,54786,0.01
ftx,BTC-PERP,1619543294096888,1619543294115547,54795,2.0669,54794,6.2452,54797,0.0013,54790,0.015,54799,0.6,54788,5.0265,54800,10.1388,54787,1.2531,54801,0.8051,54786,0.01
ftx,BTC-PERP,1619543294121997,1619543294137684,54795,2.0669,54794,7.2561,54797,0.0013,54790,0.015,54799,0.6,54788,5.0265,54800,10.1388,54787,1.2531,54801,0.8051,54786,0.01
ftx,BTC-PERP,1619543294149323,1619543294167341,54795,2.0469,54794,7.2561,54797,0.0013,54790,0.015,54799,0.6,54789,0.05,54800,10.1388,54788,5.0265,54801,0.8051,54787,1.2531
ftx,BTC-PERP,1619543294173003,1619543294199057,54795,2.0469,54794,7.2561,54797,0.0013,54790,0.1063,54799,0.6,54789,0.05,54800,10.1388,54788,5.0265,54801,0.8051,54787,1.2531
ftx,BTC-PERP,1619543294203909,1619543294233786,54795,2.0269,54794,7.2561,54797,0.0013,54790,0.1063,54799,0.6,54789,0.05,54800,10.1388,54788,5.0265,54801,0.8051,54787,1.5957
ftx,BTC-PERP,1619543294247648,1619543294265781,54795,2.0269,54794,7.2561,54797,0.0013,54790,0.1063,54799,0.6,54789,0.05,54800,10.1388,54788,0.137,54801,0.8051,54787,1.5957
ftx,BTC-PERP,1619543294273563,1619543294290167,54795,2.0269,54794,7.2561,54797,0.0013,54790,0.1063,54799,0.6,54789,0.05,54800,10.1388,54788,0.3426,54801,0.8051,54787,1.5957
ftx,BTC-PERP,1619543294297467,1619543294314915,54795,2.0269,54794,7.2861,54797,0.0013,54790,0.1063,54799,0.6,54789,0.05,54800,10.1388,54788,0.3426,54801,0.8051,54787,1.5957
ftx,BTC-PERP,1619543294324425,1619543294345064,54795,2.0269,54794,7.3061,54797,0.0013,54790,0.2433,54799,0.6,54789,0.05,54800,10.1388,54788,0.3426,54801,0.8051,54787,1.0235
ftx,BTC-PERP,1619543294346585,1619543294362750,54795,2.0269,54794,8.0357,54797,0.0013,54790,0.2433,54799,0.6,54789,0.05,54800,10.1388,54788,0.3426,54801,0.8051,54787,1.0235
ftx,BTC-PERP,1619543294372330,1619543294398635,54795,2.0269,54794,8.0357,54797,0.0013,54790,3.3578,54799,0.6,54789,0.05,54800,10.1388,54788,0.3426,54801,0.8051,54787,1.0235
ftx,BTC-PERP,1619543294395806,1619543294412257,54795,2.0269,54794,8.0357,54797,0.0013,54790,4.8424,54799,0.6,54789,0.05,54800,10.1388,54788,0.3426,54801,0.8051,54787,1.0235
ftx,BTC-PERP,1619543294421504,1619543294439737,54795,2.0269,54794,8.0357,54797,0.0013,54790,4.8424,54800,10.1388,54789,0.05,54801,0.8051,54788,0.3426,54805,0.8579,54787,1.0235
ftx,BTC-PERP,1619543294777959,1619543294795416,54795,2.0269,54794,8.0457,54797,0.0013,54790,4.8424,54800,10.1388,54789,0.05,54801,0.8051,54788,0.3426,54805,0.8579,54787,1.0235
ftx,BTC-PERP,1619543294875839,1619543294893924,54795,0.2019,54794,7.9061,54797,0.0013,54790,4.8424,54800,10.1388,54789,0.05,54801,0.8051,54788,0.3426,54805,0.8579,54787,1.0235
ftx,BTC-PERP,1619543294948885,1619543294963788,54795,0.1289,54794,7.9061,54797,0.0013,54790,4.8424,54800,10.1388,54789,0.05,54801,0.8051,54788,0.3426,54805,0.8579,54787,1.0235
ftx,BTC-PERP,1619543295033245,1619543295048746,54795,0.1289,54794,8.0456,54797,0.0013,54790,4.8424,54800,10.1388,54789,0.05,54801,0.8051,54788,0.3426,54805,0.8579,54787,1.0235
ftx,BTC-PERP,1619543295230661,1619543295246248,54795,0.1289,54794,8.0456,54797,0.0013,54790,4.8424,54800,10.1388,54789,0.05,54801,0.8051,54788,0.3426,54805,0.8579,54787,1.0519
ftx,BTC-PERP,1619543295311062,1619543295330215,54797,0.0013,54794,8.0456,54800,10.1388,54790,4.8424,54801,0.8051,54788,0.3426,54805,0.8579,54787,1.0519,54806,0.96,54786,0.0914
ftx,BTC-PERP,1619543295352706,1619543295371721,54797,0.0013,54794,7.7456,54800,10.1388,54792,0.05,54801,0.8051,54790,4.8424,54805,0.8579,54788,0.3426,54806,0.96,54787,1.0235
ftx,BTC-PERP,1619543295380995,1619543295405899,54797,0.0013,54794,7.5843,54800,10.1388,54792,0.05,54801,0.8051,54790,0.1063,54805,0.8579,54788,0.3426,54806,0.96,54787,0.5235
ftx,BTC-PERP,1619543295405007,1619543295432258,54797,0.0013,54796,1.2798,54800,10.1388,54795,0.5665,54801,0.8051,54794,7.5843,54805,0.8579,54792,0.05,54806,0.96,54790,0.1063
ftx,BTC-PERP,1619543295428949,1619543295446218,54797,0.0013,54796,1.7483,54800,10.1388,54795,0.5665,54801,0.8051,54794,6.889,54805,0.8579,54792,0.05,54806,0.96,54790,0.1063
ftx,BTC-PERP,1619543295453602,1619543295471650,54797,0.0013,54796,1.4483,54800,10.1388,54795,0.5665,54801,0.8051,54794,6.8099,54805,0.8579,54792,0.05,54806,0.96,54790,0.1063
ftx,BTC-PERP,1619543295481148,1619543295501431,54797,0.0013,54796,1.5396,54800,10.1388,54795,0.5165,54805,0.8579,54794,6.6899,54806,0.96,54792,0.05,54808,2.5376,54790,0.1063
ftx,BTC-PERP,1619543295523847,1619543295542737,54797,0.0013,54796,1.5396,54800,10.1388,54795,0.5165,54805,0.8579,54794,6.9899,54806,0.0913,54792,0.05,54808,1.6434,54790,0.1063
ftx,BTC-PERP,1619543295544494,1619543295561037,54797,0.3567,54796,1.5396,54800,10.1388,54795,0.5165,54803,28.2334,54794,6.9899,54805,0.8579,54792,0.05,54806,0.0913,54790,0.1063
ftx,BTC-PERP,1619543295566651,1619543295586559,54797,0.4001,54796,1.611,54800,10.1388,54795,0.5165,54803,28.2334,54794,6.9899,54805,0.8579,54792,0.05,54806,0.0913,54790,0.1063
ftx,BTC-PERP,1619543295598953,1619543295622337,54800,9.7139,54796,6.3653,54803,28.2334,54795,0.5165,54805,0.8579,54794,6.9899,54806,0.0913,54792,0.05,54808,1.6434,54790,0.1063
ftx,BTC-PERP,1619543295647192,1619543295663878,54800,9.7139,54796,6.3453,54803,28.2334,54795,0.5165,54805,0.8579,54794,6.8504,54806,0.0913,54792,0.05,54808,1.6434,54790,0.1063
ftx,BTC-PERP,1619543295672644,1619543295698473,54797,0.2304,54796,6.3053,54800,9.7139,54794,6.8504,54803,28.2334,54792,0.05,54805,0.8579,54790,0.1063,54806,0.0913,54788,0.371
ftx,BTC-PERP,1619543295698025,1619543295720135,54797,0.4262,54796,6.3053,54800,9.7639,54794,6.8504,54803,28.2334,54792,0.05,54805,0.8579,54790,0.1063,54806,0.0913,54788,0.508
ftx,BTC-PERP,1619543295721559,1619543295754178,54797,0.4262,54796,6.3053,54800,9.7639,54794,6.8504,54803,28.2334,54792,0.05,54805,0.8579,54790,0.1063,54806,0.0913,54788,0.4796
ftx,BTC-PERP,1619543295746885,1619543295764041,54797,0.4262,54796,6.3053,54798,0.2,54794,6.8504,54800,9.7639,54792,0.05,54803,28.2334,54790,0.1063,54805,0.8579,54788,0.4796
ftx,BTC-PERP,1619543295776397,1619543295795154,54797,0.4992,54796,6.3053,54798,0.2,54794,6.8504,54800,9.7139,54792,0.05,54801,25.0733,54790,0.1063,54803,28.2334,54788,0.4796
ftx,BTC-PERP,1619543295798399,1619543295816215,54797,0.4992,54796,6.3053,54800,9.7139,54794,6.5504,54801,25.0733,54792,0.05,54803,28.2334,54790,0.1063,54805,0.8579,54788,0.3426
ftx,BTC-PERP,1619543295819769,1619543295837164,54797,0.4992,54796,6.3053,54800,9.7139,54794,6.5504,54801,25.0733,54792,0.05,54805,0.8579,54790,0.1063,54806,0.0913,54788,0.3426
ftx,BTC-PERP,1619543295860113,1619543295880308,54797,0.5392,54796,6.3653,54800,9.7139,54794,6.5504,54801,25.0733,54792,0.35,54805,0.8579,54790,0.1063,54806,0.0913,54788,0.3426
ftx,BTC-PERP,1619543295881568,1619543295899495,54797,0.5392,54796,6.274,54800,9.7139,54794,6.5504,54801,25.0733,54792,0.35,54802,20.6549,54790,0.1063,54805,0.8579,54788,0.3426
ftx,BTC-PERP,1619543295903799,1619543295923204,54797,0.5392,54796,6.274,54800,9.7139,54794,6.5504,54802,20.6549,54792,0.35,54805,0.8579,54790,0.1063,54808,1.6434,54788,0.3426
ftx,BTC-PERP,1619543295927756,1619543295947866,54797,0.5392,54796,6.274,54800,9.7139,54794,6.5504,54802,20.6549,54792,0.35,54805,0.8579,54790,0.1063,54808,2.1434,54788,0.3426
ftx,BTC-PERP,1619543295952321,1619543295970985,54797,0.5392,54796,6.7055,54799,0.0509,54794,6.5504,54800,9.7139,54792,0.35,54802,20.6549,54790,0.1063,54805,0.8579,54788,0.3426
ftx,BTC-PERP,1619543295978003,1619543295993193,54797,0.5392,54796,6.7055,54799,0.0509,54795,0.0913,54800,9.7139,54794,6.5504,54801,25.4746,54792,0.35,54802,20.6549,54790,0.1063
ftx,BTC-PERP,1619543296003447,1619543296022290,54797,0.5392,54796,6.7055,54800,9.7139,54795,0.0913,54801,25.4746,54794,6.5504,54804,0.0913,54792,0.35,54805,0.8579,54790,0.1063
ftx,BTC-PERP,1619543296028646,1619543296084313,54797,0.5392,54796,6.7055,54800,9.7139,54795,0.0913,54801,25.4746,54794,5.5895,54804,0.0913,54792,0.3,54805,0.8579,54790,0.1063
ftx,BTC-PERP,1619543296056343,1619543296084316,54797,0.4992,54796,1.9212,54800,9.7139,54795,0.0913,54804,0.0913,54794,5.5895,54805,0.8579,54792,0.3,54808,2.1434,54790,0.1063
ftx,BTC-PERP,1619543296077847,1619543296114192,54797,0.4992,54796,1.4897,54800,9.7139,54795,0.0913,54804,0.0913,54794,5.5895,54805,0.8579,54792,0.3,54808,2.1434,54790,0.1063
ftx,BTC-PERP,1619543296101884,1619543296137508,54797,0.5492,54796,1.4897,54800,9.7139,54795,0.0913,54804,0.0913,54794,5.5895,54805,0.8579,54792,0.3,54808,2.1434,54790,0.1063
ftx,BTC-PERP,1619543296130229,1619543296147518,54797,0.5492,54796,1.4697,54799,0.0509,54795,0.0913,54800,9.7139,54794,5.5895,54801,23.7416,54792,0.3,54804,0.0913,54790,0.1063
ftx,BTC-PERP,1619543296157058,1619543296174672,54797,0.5892,54796,1.4097,54799,0.0509,54795,0.0913,54800,9.7139,54794,5.5895,54801,23.7416,54790,0.1063,54804,0.0913,54789,0.05
ftx,BTC-PERP,1619543296177021,1619543296195860,54797,0.5892,54796,0.9607,54799,0.0509,54794,5.5895,54800,9.7139,54790,0.1063,54801,23.7416,54789,0.05,54805,0.8579,54788,0.371
ftx,BTC-PERP,1619543296202578,1619543296219951,54797,0.5892,54796,0.9607,54799,20.4484,54794,5.5895,54800,9.7139,54790,0.015,54801,23.7416,54789,0.35,54805,0.8579,54788,0.371
ftx,BTC-PERP,1619543296227652,1619543296245512,54797,0.64,54796,0.9607,54799,20.4484,54794,4.8599,54800,9.7139,54790,0.015,54805,1.3579,54789,0.35,54806,0.05,54788,0.371
ftx,BTC-PERP,1619543296253191,1619543296270507,54797,0.7075,54796,0.0714,54799,20.4484,54794,4.8599,54800,9.7139,54790,0.015,54805,1.3579,54789,0.35,54806,0.05,54788,0.3426
ftx,BTC-PERP,1619543296277828,1619543296296501,54797,0.7275,54796,0.0714,54799,20.4484,54794,4.8599,54800,9.8052,54790,0.015,54805,1.3579,54789,0.35,54806,0.05,54788,0.3426
ftx,BTC-PERP,1619543296305593,1619543296325035,54797,4.4778,54796,0.0714,54799,20.4484,54794,4.8599,54800,9.8052,54790,0.015,54805,1.4949,54789,0.35,54806,0.05,54788,0.3426
ftx,BTC-PERP,1619543296328766,1619543296346782,54797,4.4978,54796,0.2109,54799,20.4484,54794,4.8599,54800,9.8052,54790,0.015,54805,1.4949,54789,0.35,54806,0.05,54788,0.3426
ftx,BTC-PERP,1619543296378550,1619543296398382,54797,6.093,54796,0.2109,54799,20.4484,54794,4.8599,54800,9.8052,54790,0.1063,54805,1.4949,54789,0.35,54806,0.05,54788,0.3426
ftx,BTC-PERP,1619543296520459,1619543296540606,54797,6.093,54796,0.2109,54799,20.4484,54794,4.8599,54800,9.8052,54790,0.1063,54805,1.4949,54789,0.3,54806,0.05,54788,0.3426
ftx,BTC-PERP,1619543296564231,1619543296581322,54797,6.093,54796,0.2109,54799,20.4484,54794,4.8599,54800,9.8052,54790,0.1063,54805,1.4949,54788,0.3426,54806,0.05,54785,0.0914
ftx,BTC-PERP,1619543296617723,1619543296635641,54797,31.9247,54796,0.2109,54799,20.4484,54794,4.8599,54800,9.8052,54790,0.1063,54805,1.4949,54788,0.3426,54806,0.05,54787,0.3
ftx,BTC-PERP,1619543296688831,1619543296706336,54797,31.9247,54796,0.2109,54800,9.8052,54794,4.8599,54805,1.4949,54790,0.1063,54806,0.05,54788,0.3426,54807,0.4068,54787,0.3
ftx,BTC-PERP,1619543296739130,1619543296755809,54797,31.8739,54796,0.2109,54800,9.8052,54794,4.8599,54805,1.4949,54790,0.1063,54806,0.05,54788,0.3426,54807,0.4068,54787,0.3
ftx,BTC-PERP,1619543296788275,1619543296804402,54797,32.6035,54796,0.2109,54800,9.8052,54794,4.8599,54805,1.4949,54790,0.1063,54806,0.05,54788,0.3426,54807,0.4068,54787,0.3
ftx,BTC-PERP,1619543296912914,1619543296934481,54797,32.6035,54796,0.2127,54800,9.8052,54794,4.8599,54805,1.4949,54790,0.1063,54806,0.05,54788,0.3426,54807,0.4068,54787,0.3
ftx,BTC-PERP,1619543297087321,1619543297106033,54797,32.6035,54796,0.2127,54800,9.8052,54794,4.045,54805,1.4949,54790,0.1063,54806,0.05,54788,0.3426,54807,0.4068,54787,0.3
ftx,BTC-PERP,1619543297313291,1619543297329942,54797,32.6035,54796,1.0276,54800,9.8052,54794,4.045,54805,1.4949,54790,0.1063,54806,0.05,54788,0.3426,54807,0.4068,54787,0.3
ftx,BTC-PERP,1619543297364764,1619543297390958,54797,32.536,54796,0.8881,54800,9.8052,54794,4.045,54805,1.4949,54790,0.1063,54806,0.05,54788,0.3426,54807,0.4068,54787,0.3
ftx,BTC-PERP,1619543297463511,1619543297487163,54797,32.536,54796,1.0414,54800,9.8052,54794,4.045,54805,1.4949,54790,0.1063,54806,0.05,54788,0.3426,54807,0.4068,54787,0.3
ftx,BTC-PERP,1619543297567269,1619543297582719,54797,6.7043,54796,1.0424,54799,24.6594,54794,4.045,54800,9.8052,54790,0.1063,54805,1.4949,54788,0.3426,54806,0.05,54787,0.3
ftx,BTC-PERP,1619543297645386,1619543297665230,54797,6.7043,54796,1.0824,54799,24.6594,54794,4.045,54800,9.8052,54790,0.1063,54805,1.4949,54788,0.3426,54806,0.05,54787,0.3
ftx,BTC-PERP,1619543297796200,1619543297819316,54797,6.7043,54796,1.0814,54799,24.6594,54794,4.045,54800,9.8052,54790,0.1063,54805,1.4949,54788,0.3426,54806,0.05,54787,0.3
ftx,BTC-PERP,1619543298041825,1619543298062778,54797,6.7043,54796,1.5145,54799,24.6594,54794,4.045,54800,9.8052,54790,0.1063,54805,1.4949,54788,0.3426,54806,0.05,54787,0.3
ftx,BTC-PERP,1619543298120589,1619543298139148,54797,6.7043,54796,1.0814,54799,24.6594,54794,4.045,54800,9.8052,54790,0.1063,54805,1.4949,54788,0.3426,54806,0.05,54787,0.3
ftx,BTC-PERP,1619543298141818,1619543298159429,54797,6.7043,54796,1.0814,54800,9.8052,54794,4.045,54805,1.4949,54790,0.1063,54806,0.05,54788,0.3426,54807,0.4068,54787,0.3
ftx,BTC-PERP,1619543298317338,1619543298334121,54797,6.7043,54796,1.0414,54800,9.8052,54794,4.045,54805,1.4949,54790,0.1063,54806,0.05,54789,0.05,54807,0.4068,54788,0.3426
ftx,BTC-PERP,1619543298632697,1619543298647823,54797,6.8423,54796,1.0414,54800,9.8052,54794,4.045,54805,1.4949,54790,0.1063,54806,0.05,54789,0.05,54807,0.4068,54788,0.3426
ftx,BTC-PERP,1619543298663584,1619543298680107,54797,22.6193,54796,1.0414,54800,9.8052,54794,4.045,54805,1.4949,54790,0.1063,54806,0.05,54789,0.05,54807,0.4068,54788,0.3426
ftx,BTC-PERP,1619543298732353,1619543298747944,54797,22.6293,54796,1.0414,54800,9.8052,54794,4.045,54805,1.4949,54790,0.1063,54806,0.05,54789,0.05,54807,0.4068,54788,0.3426
ftx,BTC-PERP,1619543299090519,1619543299108274,54797,22.6293,54796,1.0414,54800,9.8052,54794,4.045,54801,0.0914,54790,0.1063,54805,1.4949,54789,0.05,54806,0.05,54788,0.3426
ftx,BTC-PERP,1619543299528006,1619543299554229,54797,22.6293,54796,0.8881,54800,9.8052,54794,4.045,54801,0.0914,54790,0.1063,54805,1.4949,54789,0.05,54806,0.05,54788,0.3426
ftx,BTC-PERP,1619543299598468,1619543299621188,54797,22.6293,54796,0.8881,54800,9.8052,54794,4.045,54801,0.0914,54790,0.015,54805,1.4949,54789,0.05,54807,0.4068,54788,0.3426
ftx,BTC-PERP,1619543299623781,1619543299650788,54797,22.6293,54796,1.0413,54800,9.7139,54794,4.045,54801,0.0914,54790,0.015,54805,0.9949,54789,0.05,54807,0.3338,54788,0.3426
ftx,BTC-PERP,1619543299649700,1619543299667029,54797,22.6293,54796,1.0413,54800,9.7139,54794,4.045,54801,0.5914,54790,0.015,54802,0.05,54789,0.05,54805,0.9949,54788,0.3426
ftx,BTC-PERP,1619543299678929,1619543299697059,54797,22.6293,54796,0.9699,54800,9.7139,54794,4.045,54801,0.5914,54790,0.015,54802,0.05,54789,0.05,54805,0.9949,54788,0.3426
ftx,BTC-PERP,1619543299723813,1619543299739276,54797,22.7206,54796,0.9699,54800,9.7139,54794,4.045,54801,0.0914,54790,0.015,54803,0.073,54789,0.05,54805,0.9949,54788,0.3426
ftx,BTC-PERP,1619543299774403,1619543299791244,54797,22.7206,54796,1.02,54800,9.7139,54794,4.045,54801,0.0914,54790,0.015,54803,0.073,54789,0.05,54804,0.5,54788,0.3426
ftx,BTC-PERP,1619543299824596,1619543299842710,54797,22.5896,54796,1.02,54800,9.7139,54794,4.045,54801,0.0914,54790,0.015,54803,0.073,54789,0.05,54804,0.5,54788,0.4339
ftx,BTC-PERP,1619543299875295,1619543299897754,54797,22.5896,54796,1.02,54799,21.6578,54794,4.045,54800,9.7139,54790,0.015,54801,0.0914,54789,0.05,54803,0.073,54788,0.4339
ftx,BTC-PERP,1619543299897673,1619543299912306,54797,6.8126,54796,1.02,54799,21.6578,54794,4.045,54800,9.7139,54790,0.015,54801,0.0914,54789,0.05,54803,0.073,54788,0.4339
ftx,BTC-PERP,1619543299947728,1619543300200035,54797,6.8126,54796,1.02,54799,21.6578,54794,4.045,54800,9.7139,54790,0.015,54801,24.7662,54789,0.05,54803,0.073,54788,0.4339
ftx,BTC-PERP,1619543300008094,1619543300200038,54797,6.8126,54796,1.5029,54800,9.7139,54794,4.045,54801,24.7662,54790,0.015,54803,0.073,54789,0.05,54804,0.5,54788,0.4339
ftx,BTC-PERP,1619543300128782,1619543300202123,54797,6.8126,54796,1.02,54800,9.7139,54794,4.045,54801,24.7662,54790,0.015,54803,0.073,54789,0.05,54804,0.5,54788,0.4339
ftx,BTC-PERP,1619543300328765,1619543300346977,54797,6.8126,54796,0.9699,54800,9.7139,54794,4.045,54801,24.7662,54790,0.015,54803,0.073,54789,0.05,54804,0.5,54788,0.4339
ftx,BTC-PERP,1619543300356634,1619543300375437,54797,6.8126,54796,0.9699,54799,23.743,54794,4.045,54800,9.7139,54790,0.015,54801,24.7662,54789,0.05,54803,0.073,54788,0.4339
ftx,BTC-PERP,1619543300386319,1619543300406117,54797,6.8126,54796,0.9699,54799,23.743,54794,4.045,54800,9.7139,54790,0.015,54801,0.0914,54789,0.05,54803,0.073,54788,0.4339
ftx,BTC-PERP,1619543300430002,1619543300449685,54797,6.7213,54796,1.0202,54799,23.743,54794,4.045,54800,9.7139,54790,0.015,54801,0.0914,54789,0.05,54803,0.073,54788,0.4339
ftx,BTC-PERP,1619543300479621,1619543300494924,54797,6.7213,54796,1.0202,54799,23.743,54794,4.045,54800,29.9173,54790,0.015,54801,0.0914,54789,0.05,54803,0.073,54788,0.4339
ftx,BTC-PERP,1619543300523182,1619543300545127,54797,6.7213,54796,1.0202,54799,0.0913,54794,4.045,54800,29.9173,54790,0.015,54801,0.0914,54789,0.05,54803,0.073,54788,0.4339
ftx,BTC-PERP,1619543300572616,1619543300588730,54797,30.9559,54796,1.0202,54799,0.0913,54794,4.045,54800,29.9173,54790,0.015,54801,0.0914,54789,0.05,54803,0.073,54788,0.4339
ftx,BTC-PERP,1619543300592365,1619543300609101,54797,30.9559,54796,1.0202,54799,0.0913,54794,4.045,54800,9.7139,54790,0.015,54801,0.0914,54789,0.05,54803,0.073,54788,0.4339
ftx,BTC-PERP,1619543300742089,1619543300757526,54797,30.9559,54796,1.0202,54799,0.0913,54794,4.045,54800,9.7152,54790,0.015,54801,0.0914,54789,0.05,54803,0.073,54788,0.4339
ftx,BTC-PERP,1619543300816476,1619543300831932,54797,30.9818,54796,1.0202,54799,0.0913,54794,4.045,54800,9.7152,54790,0.015,54801,0.0914,54789,0.05,54803,0.073,54788,0.4339
ftx,BTC-PERP,1619543300941601,1619543300957543,54797,30.9559,54796,1.0202,54799,0.0913,54794,4.045,54800,9.7152,54790,0.015,54801,0.0914,54789,0.05,54803,0.073,54788,0.4339
ftx,BTC-PERP,1619543301046667,1619543301066292,54797,30.9559,54796,0.9641,54799,0.0913,54794,4.045,54800,9.7152,54790,0.015,54801,0.0914,54789,0.05,54803,0.073,54788,0.4339
ftx,BTC-PERP,1619543301195271,1619543301220635,54797,30.9559,54796,0.9641,54799,0.0913,54794,4.045,54800,9.7152,54790,0.015,54801,0.0914,54788,0.4339,54804,0.5,54786,1.267
ftx,BTC-PERP,1619543301248278,1619543301264659,54797,30.9559,54796,0.9641,54799,0.0913,54794,4.045,54800,9.7152,54790,0.015,54801,0.0914,54788,0.4339,54804,0.5,54786,1.317
ftx,BTC-PERP,1619543301373720,1619543301389870,54797,30.9569,54796,0.9641,54799,0.0913,54794,4.045,54800,9.7152,54790,0.015,54801,0.0914,54788,0.4339,54804,0.5,54786,1.317
ftx,BTC-PERP,1619543301498130,1619543301514147,54797,30.9569,54796,0.9138,54799,0.0913,54794,4.045,54800,9.7152,54790,0.015,54801,0.0914,54788,0.4339,54804,0.5,54786,1.317
ftx,BTC-PERP,1619543301549635,1619543301564722,54797,30.9569,54796,0.9138,54799,0.0913,54794,4.045,54800,9.7152,54790,0.015,54801,0.0964,54788,0.4339,54804,0.5,54786,1.317
ftx,BTC-PERP,1619543301573109,1619543301598681,54797,30.9569,54796,0.9138,54799,0.0913,54794,4.045,54800,9.7152,54790,0.015,54801,0.0964,54788,0.4339,54804,0.5,54786,1.267
ftx,BTC-PERP,1619543301608283,1619543301627121,54797,30.9569,54796,0.9639,54799,0.0913,54794,4.045,54800,9.7152,54790,0.015,54801,0.0964,54788,0.4339,54804,0.5,54786,1.267
ftx,BTC-PERP,1619543301723725,1619543301742419,54797,30.9569,54796,0.9639,54799,0.1913,54794,4.045,54800,9.7152,54790,0.015,54801,0.0964,54788,0.4339,54804,0.5,54786,1.267
ftx,BTC-PERP,1619543301828931,1619543301856549,54797,30.9678,54794,4.045,54799,0.1,54790,0.015,54800,9.7152,54788,0.4339,54801,0.0964,54786,0.967,54804,0.5,54784,0.0913
ftx,BTC-PERP,1619543301882885,1619543301902319,54797,30.9578,54794,4.045,54799,0.1,54790,0.015,54800,9.7152,54788,0.3426,54801,0.0964,54786,0.967,54802,0.05,54784,0.3913
ftx,BTC-PERP,1619543301907821,1619543301931582,54795,1.2981,54794,4.045,54797,30.9378,54790,0.015,54799,0.1,54788,0.3426,54800,9.7152,54786,0.967,54801,0.5964,54784,0.3913
ftx,BTC-PERP,1619543301941749,1619543301968815,54795,1.4131,54790,0.015,54796,1.3394,54788,0.3426,54797,30.9378,54784,0.3913,54799,0.1,54783,0.05,54800,9.7152,54782,0.7296
ftx,BTC-PERP,1619543302320948,1619543302378107,54785,0.04,54778,0.3,54789,0.04,54776,0.75,54791,17.5717,54774,0.7296,54792,1.0434,54773,0.9779,54794,2.0148,54772,0.8379
ftx,BTC-PERP,1619543302414936,1619543302457882,54785,0.08,54776,0.05,54788,0.0025,54772,0.1096,54789,0.0825,54768,0.8828,54791,17.6117,54767,0.8586,54792,1.0434,54766,0.8205
ftx,BTC-PERP,1619543302507761,1619543302551300,54779,25.1493,54772,0.2009,54782,0.0913,54771,0.35,54783,0.2,54768,0.8828,54784,1.5664,54767,0.8586,54785,0.08,54766,0.9118
ftx,BTC-PERP,1619543302551513,1619543302571841,54777,0.429,54772,0.1096,54779,25.1493,54771,0.35,54781,0.007,54768,0.8828,54783,0.2,54767,0.8586,54784,1.5664,54766,1.0031
ftx,BTC-PERP,1619543302570613,1619543302596249,54777,18.5967,54772,0.1096,54779,25.1568,54771,0.35,54781,0.007,54768,0.8828,54783,0.2,54767,0.8586,54784,0.8664,54766,1.0031
ftx,BTC-PERP,1619543302594278,1619543302628745,54777,18.5967,54772,0.1096,54779,0.1705,54771,0.05,54781,0.007,54768,0.8828,54784,0.7296,54767,0.8586,54785,0.08,54766,0.476
ftx,BTC-PERP,1619543302636926,1619543302669691,54777,18.5967,54771,0.05,54778,0.184,54769,0.2449,54779,0.7037,54766,0.476,54781,0.007,54765,1.0,54784,0.7296,54764,0.736
ftx,BTC-PERP,1619543302673776,1619543302697517,54773,24.8626,54771,0.05,54777,18.6162,54770,0.0913,54778,0.3208,54769,0.2449,54779,0.8131,54766,0.476,54781,0.007,54765,1.3
ftx,BTC-PERP,1619543302692297,1619543302709731,54773,24.8626,54770,0.0913,54777,0.4485,54769,0.2449,54778,0.1368,54766,0.476,54779,0.8606,54765,1.3,54780,0.4608,54764,0.736
ftx,BTC-PERP,1619543302718068,1619543302735679,54773,24.8664,54770,0.0913,54777,0.451,54769,0.2449,54778,0.1368,54766,0.526,54779,0.9519,54765,1.3,54780,0.4608,54764,0.736
ftx,BTC-PERP,1619543302748384,1619543302768490,54773,24.8664,54770,0.0913,54777,0.5015,54769,0.2449,54778,0.1368,54766,0.526,54779,0.9519,54765,2.1896,54780,0.4608,54764,0.736
ftx,BTC-PERP,1619543302768317,1619543302786784,54771,14.4888,54770,0.0913,54772,0.02,54769,0.2449,54773,24.8464,54766,0.526,54776,1.4001,54765,1.8896,54777,0.07,54764,0.736
ftx,BTC-PERP,1619543302793819,1619543302810633,54771,14.4888,54769,0.2449,54772,0.0967,54766,0.526,54773,24.8426,54765,0.8896,54776,1.5842,54764,0.736,54777,0.07,54761,0.3771
ftx,BTC-PERP,1619543302819275,1619543302840367,54772,0.0967,54769,0.2449,54773,0.07,54766,0.526,54776,0.1841,54765,0.8896,54778,0.1368,54764,0.736,54779,0.7693,54761,0.3771
ftx,BTC-PERP,1619543302842537,1619543302867746,54772,0.0967,54769,0.2449,54776,0.1841,54766,0.526,54778,0.1368,54765,0.8896,54779,0.7693,54764,0.736,54780,0.4608,54763,0.3
ftx,BTC-PERP,1619543302872869,1619543302892577,54771,0.0231,54770,0.02,54772,0.02,54766,0.526,54778,0.1368,54765,0.8896,54779,0.7693,54764,0.736,54780,0.4608,54763,0.3
ftx,BTC-PERP,1619543302893523,1619543302918983,54771,0.0263,54770,0.4485,54778,0.1368,54767,0.0913,54779,0.7693,54766,0.526,54780,0.4608,54765,0.8896,54781,0.4678,54764,0.736
ftx,BTC-PERP,1619543302927075,1619543302951603,54771,0.0232,54770,0.4485,54776,24.6067,54767,0.3362,54777,0.2754,54766,0.526,54778,0.1368,54765,0.8896,54779,0.7693,54764,0.736
ftx,BTC-PERP,1619543302948399,1619543302969088,54771,0.0232,54770,0.4485,54776,24.6067,54769,0.05,54777,0.2754,54767,0.5141,54778,0.2281,54766,0.526,54779,0.7693,54765,0.8896
ftx,BTC-PERP,1619543302973265,1619543302989716,54771,0.0232,54770,0.4885,54776,24.6067,54769,0.05,54777,0.2754,54767,0.5141,54778,0.2281,54766,0.526,54779,0.7693,54765,0.8896
ftx,BTC-PERP,1619543303006251,1619543303028206,54771,0.0232,54770,5.1053,54775,20.6939,54769,0.05,54776,24.6067,54767,0.4228,54777,0.0913,54766,0.526,54778,0.2281,54765,0.8896
ftx,BTC-PERP,1619543303029645,1619543303047061,54771,0.0269,54770,5.1053,54775,20.6939,54767,0.4228,54776,24.6067,54766,0.526,54778,0.2281,54765,0.8896,54779,0.7693,54764,0.736
ftx,BTC-PERP,1619543303049605,1619543303071698,54771,0.0479,54770,5.1053,54775,20.6939,54767,0.4228,54778,0.4121,54766,0.526,54779,0.7693,54765,0.8896,54780,0.4608,54764,0.736
ftx,BTC-PERP,1619543303073171,1619543303091515,54771,0.081,54770,5.1053,54778,0.4121,54767,0.1779,54779,0.7693,54766,0.526,54780,0.4608,54765,0.8896,54781,0.4678,54764,0.736
ftx,BTC-PERP,1619543303100193,1619543303118549,54771,0.3114,54770,5.3357,54773,16.6904,54769,0.0913,54778,0.4121,54767,0.1779,54779,0.7693,54766,0.526,54780,0.4608,54765,0.8896
ftx,BTC-PERP,1619543303124062,1619543303146196,54771,0.3214,54770,5.3357,54773,16.6904,54769,0.0913,54778,0.2281,54767,0.1779,54779,0.7693,54766,0.526,54780,0.4608,54765,0.8896
ftx,BTC-PERP,1619543303149421,1619543303169137,54771,0.2514,54770,5.3857,54773,16.6904,54769,0.0913,54778,0.2281,54767,0.1779,54779,0.8606,54766,0.526,54780,0.4608,54765,0.8896
ftx,BTC-PERP,1619543303174147,1619543303192442,54771,0.2514,54770,5.4057,54773,16.6904,54769,0.0913,54777,0.1841,54767,1.1278,54778,0.2281,54766,0.526,54779,0.8606,54765,0.8896
ftx,BTC-PERP,1619543303196733,1619543303212202,54771,0.2514,54770,5.4057,54773,16.6904,54769,0.0913,54778,0.2281,54767,1.1278,54779,0.8606,54766,0.526,54780,0.4608,54765,0.8896
ftx,BTC-PERP,1619543303221519,1619543303237903,54771,0.2623,54770,5.4057,54773,16.6904,54769,0.0913,54778,0.2281,54767,1.1278,54779,0.8606,54766,0.526,54780,0.4608,54765,0.8896
ftx,BTC-PERP,1619543303246787,1619543303263224,54771,0.2693,54770,5.4057,54773,16.6904,54769,0.0913,54778,0.2281,54767,1.1278,54779,0.8606,54766,0.526,54780,0.4608,54765,0.8896
ftx,BTC-PERP,1619543303275154,1619543303302031,54771,0.2693,54770,5.4057,54773,16.6904,54769,0.0913,54778,0.1368,54767,1.1278,54779,0.8606,54766,0.526,54780,0.4608,54765,0.8896
ftx,BTC-PERP,1619543303300798,1619543303325517,54771,0.2693,54770,5.4069,54773,16.6904,54769,0.0913,54778,0.1368,54767,1.1278,54779,0.8606,54766,0.526,54780,0.4608,54765,0.8896
ftx,BTC-PERP,1619543303329959,1619543303351147,54771,0.2693,54770,5.4496,54773,16.6904,54769,0.0913,54778,0.1368,54767,1.1278,54779,0.8606,54766,0.526,54780,0.4608,54765,1.1896
ftx,BTC-PERP,1619543303424704,1619543303451956,54771,0.2693,54770,5.9521,54773,16.6904,54769,0.0913,54778,0.1368,54767,1.1278,54779,0.8606,54766,0.526,54780,0.4608,54765,1.1896
ftx,BTC-PERP,1619543303567693,1619543303587333,54771,0.2693,54770,5.4496,54773,16.6904,54769,0.0913,54778,0.1368,54767,1.1278,54779,0.8606,54766,0.526,54780,0.4608,54765,1.1896
ftx,BTC-PERP,1619543303672682,1619543303692861,54771,0.2693,54770,5.4496,54773,16.6904,54769,0.0913,54778,0.1368,54767,1.1278,54779,0.8606,54766,0.526,54782,0.0457,54765,1.1896
ftx,BTC-PERP,1619543303700194,1619543303719414,54771,0.2693,54770,5.4496,54773,16.6904,54769,0.0913,54778,0.1368,54767,1.1278,54779,0.7913,54766,0.526,54782,0.0457,54765,1.1896
ftx,BTC-PERP,1619543303774199,1619543303792270,54771,0.2693,54770,5.9791,54773,16.6904,54769,0.0913,54778,0.1368,54767,1.1278,54779,0.7913,54766,0.526,54782,0.0457,54765,1.1896
ftx,BTC-PERP,1619543304347734,1619543304371464,54771,0.2693,54770,5.4496,54773,16.6904,54769,0.0913,54778,0.1368,54767,1.1278,54779,0.7913,54766,0.526,54782,0.0457,54765,1.1896
ftx,BTC-PERP,1619543304376512,1619543304394868,54771,27.4907,54770,5.4496,54773,16.6904,54769,0.0913,54778,0.1368,54767,1.1278,54779,0.7913,54766,0.526,54782,0.0457,54765,1.1896
ftx,BTC-PERP,1619543304398796,1619543304413994,54771,27.4907,54770,5.4496,54776,0.0914,54769,0.0913,54778,0.1368,54767,1.1278,54779,0.7913,54766,0.526,54782,0.0457,54765,1.1896
ftx,BTC-PERP,1619543304422290,1619543304445254,54771,27.5407,54770,5.4069,54776,0.0914,54769,0.0913,54778,0.1368,54767,1.1278,54779,0.7913,54766,0.526,54782,2.2475,54765,1.1896
ftx,BTC-PERP,1619543304448480,1619543304467990,54771,27.5407,54770,5.3869,54776,0.0914,54769,0.0913,54778,0.1368,54767,1.1278,54779,0.7913,54766,0.526,54782,2.2475,54765,1.1896
ftx,BTC-PERP,1619543304471942,1619543304501036,54771,27.5407,54770,5.3869,54776,0.0914,54769,0.0913,54777,0.2322,54767,1.1278,54778,0.1368,54766,0.526,54779,0.7913,54765,1.1896
ftx,BTC-PERP,1619543304496591,1619543304517959,54771,27.5407,54770,5.3369,54776,0.0914,54769,0.0913,54777,0.2322,54767,0.9499,54778,0.1368,54766,0.526,54779,0.7913,54765,1.1896
ftx,BTC-PERP,1619543304527877,1619543304546650,54771,27.5407,54770,5.3795,54776,0.0914,54769,0.0913,54777,0.2322,54767,0.9499,54778,0.1368,54766,0.526,54779,0.7913,54765,1.1896
ftx,BTC-PERP,1619543304572563,1619543304589933,54771,27.5807,54770,5.3795,54776,0.0914,54769,0.0913,54777,0.2322,54767,0.9499,54778,0.1368,54766,0.526,54779,0.7913,54765,1.1896
ftx,BTC-PERP,1619543304901683,1619543304936907,54771,46.0957,54770,5.3795,54776,0.0914,54769,0.0913,54777,0.2322,54767,0.9499,54778,0.1368,54766,0.526,54779,0.7913,54765,1.1896
ftx,BTC-PERP,1619543305580572,1619543305595668,54771,18.8743,54770,5.3795,54776,0.0914,54769,0.0913,54777,0.2322,54767,0.9499,54778,0.1368,54766,0.526,54779,0.7913,54765,1.1896
ftx,BTC-PERP,1619543305704511,1619543305720013,54771,18.8743,54770,0.8127,54776,0.0914,54769,0.0913,54777,0.2322,54767,0.9499,54778,0.1368,54766,0.526,54779,0.7913,54765,1.1896
ftx,BTC-PERP,1619543305779868,1619543305797754,54771,18.8743,54770,1.2417,54774,27.0128,54769,0.0913,54776,0.0914,54767,0.9499,54777,0.2322,54766,0.526,54778,0.1368,54765,1.1896
ftx,BTC-PERP,1619543305804523,1619543305823764,54771,0.3593,54770,1.2417,54774,27.0128,54769,0.0913,54776,0.0914,54767,0.9499,54777,0.2322,54766,0.526,54778,0.1368,54765,1.1896
ftx,BTC-PERP,1619543305857386,1619543305878140,54771,0.3523,54770,1.2417,54774,27.0128,54769,0.0913,54776,0.0914,54767,0.9499,54777,0.2322,54766,0.526,54778,0.1368,54765,1.1896
ftx,BTC-PERP,1619543305881332,1619543305905471,54771,0.3523,54770,1.2617,54773,0.2449,54769,0.0913,54774,27.0128,54767,0.9499,54776,0.0914,54766,0.526,54777,0.2322,54765,1.1896
ftx,BTC-PERP,1619543306055208,1619543306075621,54771,0.3523,54770,1.2617,54773,0.2449,54769,0.0913,54774,27.0128,54766,0.526,54776,0.0914,54765,1.1896,54777,0.2322,54764,0.736
ftx,BTC-PERP,1619543306083350,1619543306110628,54771,0.3645,54770,1.2617,54773,0.2449,54766,0.4347,54774,27.0128,54765,0.8896,54776,0.0914,54764,0.736,54777,0.2322,54761,0.0913
ftx,BTC-PERP,1619543306106532,1619543306126179,54771,5.857,54770,1.0313,54774,27.0128,54766,0.4347,54776,0.0914,54765,0.8896,54777,0.2322,54764,0.736,54778,0.1368,54761,0.0913
ftx,BTC-PERP,1619543306131680,1619543306157291,54771,5.857,54770,0.6028,54774,27.0128,54766,0.0913,54776,0.0914,54765,0.8896,54777,0.9618,54764,0.736,54778,0.1368,54761,0.3913
ftx,BTC-PERP,1619543306157808,1619543306174407,54771,6.1019,54770,0.6028,54774,27.0128,54764,0.786,54776,0.0914,54761,0.3,54777,0.9618,54760,0.2384,54778,0.1368,54759,0.137
ftx,BTC-PERP,1619543306183341,1619543306200802,54771,6.1019,54770,0.6028,54774,27.0128,54765,0.0913,54776,0.1252,54764,0.786,54777,0.9618,54760,0.2384,54778,0.1368,54759,0.2283
ftx,BTC-PERP,1619543306208058,1619543306229134,54771,5.9232,54770,0.5528,54774,27.0128,54764,0.786,54776,0.1252,54760,0.2384,54777,0.9618,54759,0.2283,54778,0.1368,54756,0.0913
ftx,BTC-PERP,1619543306232633,1619543306249361,54771,5.9232,54770,0.5528,54774,27.0128,54764,0.0064,54776,0.1252,54760,0.2384,54777,1.6934,54759,0.0913,54778,0.1368,54755,0.0913
ftx,BTC-PERP,1619543306257151,1619543306275757,54771,5.9232,54770,0.5528,54774,27.0128,54764,0.0064,54776,0.1252,54760,0.2384,54777,1.6934,54759,0.0913,54778,0.1368,54757,0.7296
ftx,BTC-PERP,1619543306282951,1619543306299385,54771,5.9232,54770,0.5528,54774,27.0128,54764,0.0064,54776,0.1252,54760,0.2384,54777,1.6934,54757,0.7296,54778,0.1368,54756,0.3
ftx,BTC-PERP,1619543306310529,1619543306331092,54771,5.9232,54770,0.5528,54774,27.1499,54764,0.0064,54776,0.1252,54761,0.05,54777,1.4612,54760,0.3297,54778,0.1368,54757,0.7296
ftx,BTC-PERP,1619543306333488,1619543306350601,54771,6.2468,54770,0.5528,54774,27.1499,54764,0.0064,54775,0.073,54761,0.05,54776,0.1252,54760,0.3297,54777,0.7316,54757,0.7296
ftx,BTC-PERP,1619543306364483,1619543306390370,54771,6.9468,54770,0.1428,54774,27.1499,54764,0.0064,54775,0.073,54761,0.05,54776,0.1252,54760,0.1471,54777,0.7316,54757,0.7296
ftx,BTC-PERP,1619543306405368,1619543306428746,54771,7.6764,54770,0.1428,54774,27.1499,54764,0.0064,54775,0.073,54760,0.1471,54776,0.1252,54757,0.7296,54777,0.7316,54756,0.3
ftx,BTC-PERP,1619543306436065,1619543306456335,54771,7.6764,54770,0.0728,54774,27.1499,54764,0.0064,54775,0.073,54760,0.1471,54776,0.1252,54757,0.7296,54777,0.7316,54756,0.35
ftx,BTC-PERP,1619543306495176,1619543306517410,54765,0.02,54764,0.0064,54770,0.1428,54760,0.1471,54771,7.7145,54758,0.0914,54774,27.1999,54757,0.7296,54775,0.073,54756,0.35
ftx,BTC-PERP,1619543306575482,1619543306599659,54765,0.4808,54764,0.0064,54770,0.1428,54760,0.1471,54771,6.8794,54758,0.0914,54773,0.1,54757,0.7296,54774,27.1999,54754,0.0923
ftx,BTC-PERP,1619543306600147,1619543306620522,54765,0.9298,54764,0.0264,54767,0.3541,54760,0.1471,54770,0.1428,54758,0.0914,54771,6.781,54757,0.7296,54773,0.6,54754,0.1423
ftx,BTC-PERP,1619543306629229,1619543306648540,54765,1.5357,54764,1.3044,54767,0.3541,54760,0.1471,54770,0.2796,54758,0.0914,54771,6.7579,54757,0.7296,54773,0.6,54754,0.1423
ftx,BTC-PERP,1619543306653727,1619543306686813,54765,1.5857,54764,1.3044,54767,0.3541,54760,0.1471,54770,0.2796,54758,0.0914,54771,6.747,54757,0.7296,54773,0.5,54754,0.4423
ftx,BTC-PERP,1619543306681169,1619543306700256,54765,1.3223,54764,1.3044,54767,0.3541,54760,0.1471,54770,0.2796,54758,0.0914,54771,6.747,54757,0.7296,54773,0.5,54754,0.3923
ftx,BTC-PERP,1619543306707179,1619543306731759,54765,1.3223,54764,0.0264,54767,0.3541,54760,0.1471,54768,0.0914,54758,0.0914,54770,0.2796,54757,0.7296,54771,6.7148,54754,0.3923
ftx,BTC-PERP,1619543306755987,1619543306790890,54765,2.0223,54764,0.0264,54767,0.3541,54760,0.1471,54768,0.0914,54758,0.0914,54770,0.2796,54757,0.7296,54771,6.4844,54754,0.3923
ftx,BTC-PERP,1619543306787123,1619543306803239,54765,2.0253,54764,0.0264,54767,0.3541,54760,0.1471,54768,0.0914,54758,0.0914,54770,0.2796,54757,0.7296,54771,6.4844,54754,0.0923
ftx,BTC-PERP,1619543306812622,1619543306830949,54765,2.0253,54764,0.0264,54767,0.3541,54760,0.1471,54768,0.1914,54758,0.0914,54770,0.2796,54757,0.7296,54771,6.4844,54754,0.0923
ftx,BTC-PERP,1619543306837987,1619543306856910,54765,2.0375,54764,0.0264,54767,0.3541,54760,0.001,54768,0.1914,54758,0.0914,54770,0.2796,54757,0.7296,54771,6.4844,54754,0.0923
ftx,BTC-PERP,1619543306861812,1619543306877983,54765,2.0375,54764,0.0264,54767,0.3541,54760,0.001,54768,0.1914,54758,0.0914,54770,0.2796,54757,0.7296,54771,6.2522,54754,0.0923
ftx,BTC-PERP,1619543306891072,1619543306911385,54765,27.2681,54764,0.0264,54767,0.3541,54760,0.001,54768,0.1,54757,0.7296,54770,0.2796,54754,0.0923,54771,6.2522,54752,1.266
ftx,BTC-PERP,1619543306918322,1619543306941746,54765,27.2681,54757,0.7195,54767,0.3541,54754,0.0923,54768,0.1,54752,0.966,54770,0.2796,54751,0.0784,54771,6.2522,54750,0.2205
ftx,BTC-PERP,1619543306980253,1619543307008577,54765,27.3168,54754,0.0923,54767,0.3541,54752,0.966,54770,0.1368,54751,0.0784,54771,6.7522,54750,0.5205,54772,0.5602,54749,0.187
ftx,BTC-PERP,1619543307008650,1619543307032502,54760,0.0264,54755,0.0914,54765,27.2938,54754,0.001,54767,0.3541,54752,0.966,54771,6.7522,54751,0.0784,54772,0.5602,54750,0.5205
ftx,BTC-PERP,1619543307033224,1619543307054588,54758,22.3258,54755,0.0914,54760,0.0264,54754,0.001,54764,0.1632,54752,0.966,54765,27.3852,54751,0.0784,54767,0.3541,54750,0.5205
ftx,BTC-PERP,1619543307058690,1619543307083866,54758,22.5881,54755,0.0914,54760,0.0264,54754,0.001,54764,0.1632,54752,0.966,54765,4.6589,54751,0.05,54767,0.3541,54750,0.2205
ftx,BTC-PERP,1619543307085895,1619543307111920,54758,22.5881,54754,0.001,54760,0.0264,54752,0.8747,54764,0.1632,54751,0.05,54765,5.5182,54750,0.1644,54767,0.3541,54749,0.7296
ftx,BTC-PERP,1619543307109029,1619543307147795,54755,0.04,54754,0.001,54758,22.5881,54752,0.8747,54759,0.1368,54751,0.05,54764,0.0264,54750,0.1644,54765,5.3731,54749,0.7296
ftx,BTC-PERP,1619543307133295,1619543307152899,54755,0.04,54754,0.001,54756,22.4748,54752,0.8747,54758,23.0489,54751,0.05,54759,0.1368,54750,0.1644,54764,0.0264,54749,0.7296
ftx,BTC-PERP,1619543307156439,1619543307182373,54755,0.04,54754,0.001,54756,22.4748,54752,0.8747,54758,23.0489,54751,0.05,54759,0.1368,54750,0.1644,54760,0.0787,54749,0.7296
ftx,BTC-PERP,1619543307184325,1619543307203414,54755,0.5208,54754,0.001,54756,22.4978,54752,0.8747,54757,0.7,54751,0.05,54758,0.4844,54750,0.2558,54759,0.1368,54749,0.7296
ftx,BTC-PERP,1619543307210877,1619543307232865,54755,0.7918,54754,0.021,54756,22.4248,54752,0.8747,54757,0.7914,54751,0.05,54758,0.4844,54750,0.0914,54759,0.1368,54749,0.7296
ftx,BTC-PERP,1619543307231158,1619543307250045,54755,0.7918,54754,0.021,54756,22.3982,54752,0.8747,54757,0.7914,54751,0.05,54758,0.4844,54749,0.7296,54759,0.1368,54748,0.1253
ftx,BTC-PERP,1619543307257050,1619543307277665,54755,0.7982,54754,0.021,54756,22.3782,54751,0.05,54757,0.7914,54749,0.7296,54758,0.4608,54748,0.1253,54759,0.1368,54747,0.2408
ftx,BTC-PERP,1619543307281989,1619543307304459,54755,0.7804,54754,0.001,54756,22.3782,54751,0.05,54757,0.0914,54749,0.7296,54759,0.1368,54748,0.034,54760,0.0913,54745,0.3
ftx,BTC-PERP,1619543307307532,1619543307324880,54755,0.7804,54754,0.001,54756,22.3782,54751,0.05,54757,1.2608,54748,0.034,54759,0.1368,54743,0.2033,54760,0.0913,54742,0.0947
ftx,BTC-PERP,1619543307334006,1619543307354784,54755,2.2156,54754,0.001,54756,22.3782,54751,0.05,54757,1.3608,54748,0.034,54759,0.1368,54745,0.0914,54760,0.637,54743,0.1533
ftx,BTC-PERP,1619543307355512,1619543307374800,54755,2.2186,54754,0.001,54756,22.3782,54751,0.05,54757,1.3608,54748,0.034,54759,0.1368,54745,0.0914,54760,0.637,54742,0.0947
ftx,BTC-PERP,1619543307382823,1619543307402128,54755,2.4874,54754,0.001,54756,22.3782,54751,0.05,54757,1.2608,54748,0.034,54759,0.1368,54745,0.0914,54760,0.637,54742,0.0947
ftx,BTC-PERP,1619543307411335,1619543307434682,54755,2.4874,54745,0.0515,54756,22.3782,54742,0.0947,54757,1.2608,54741,0.9685,54759,0.1368,54740,1.3731,54760,0.637,54739,0.7789
ftx,BTC-PERP,1619543307477834,1619543307498894,54755,2.0153,54742,0.0947,54756,22.3782,54741,0.9685,54757,1.2608,54740,1.3731,54760,0.637,54739,0.7789,54761,0.1414,54738,0.2284
ftx,BTC-PERP,1619543307498427,1619543307533438,54746,0.073,54742,0.0947,54755,1.9923,54741,0.9685,54756,22.3782,54740,1.0731,54757,1.2608,54739,0.0055,54760,0.137,54738,0.0914
ftx,BTC-PERP,1619543307531707,1619543307549210,54743,0.02,54742,0.0947,54746,18.8065,54741,0.9685,54754,1.6684,54740,0.7296,54755,1.9923,54739,0.0055,54756,22.3782,54738,0.0914
ftx,BTC-PERP,1619543307555545,1619543307573172,54743,0.02,54742,0.0947,54746,18.8265,54741,0.9685,54754,1.6684,54740,0.7296,54755,1.9923,54739,0.0055,54756,22.3782,54738,0.0914
ftx,BTC-PERP,1619543307581832,1619543307601607,54743,0.02,54742,0.0947,54746,19.2873,54740,0.7306,54748,0.0914,54739,0.0055,54754,2.4,54738,0.0914,54755,1.8149,54737,0.05
ftx,BTC-PERP,1619543307611548,1619543307635032,54743,0.4608,54742,0.0034,54746,19.1443,54740,0.7306,54748,0.0914,54739,1.4196,54750,0.0122,54738,0.0914,54754,2.4,54737,0.05
ftx,BTC-PERP,1619543307633361,1619543307656850,54743,0.4608,54742,1.2824,54745,0.3773,54740,0.7306,54746,19.1243,54739,1.4196,54748,0.0914,54738,0.0914,54750,0.0122,54737,0.05
ftx,BTC-PERP,1619543307663421,1619543307684420,54743,19.5033,54742,1.3024,54745,0.3973,54740,0.7306,54746,19.1243,54739,1.4196,54748,0.0914,54738,0.1828,54750,0.0122,54737,0.05
ftx,BTC-PERP,1619543307682072,1619543307698647,54743,19.5033,54742,1.3024,54745,0.4003,54740,0.7306,54746,19.1243,54739,1.4196,54748,0.0914,54738,0.1828,54750,0.0122,54737,0.05
ftx,BTC-PERP,1619543307707462,1619543307726637,54743,19.5233,54742,1.3024,54745,0.4003,54740,0.7306,54746,0.4608,54739,1.4196,54748,0.1829,54738,0.1828,54750,0.0122,54736,0.3913
ftx,BTC-PERP,1619543307746241,1619543307764953,54743,22.914,54742,0.0234,54745,0.1398,54740,0.7306,54746,0.4608,54739,1.4196,54748,0.1829,54738,0.1828,54750,0.0122,54736,0.3913
ftx,BTC-PERP,1619543307765068,1619543307785236,54743,24.5482,54742,0.0234,54745,0.1398,54740,0.7306,54748,0.1829,54739,1.4196,54750,0.0122,54738,0.1828,54754,2.8948,54736,0.3913
ftx,BTC-PERP,1619543307813450,1619543307833034,54743,24.5482,54742,0.0234,54745,0.1398,54740,0.7306,54748,0.1829,54739,1.4196,54750,0.0122,54738,0.1828,54754,2.8948,54736,0.0913
ftx,BTC-PERP,1619543307838800,1619543307859181,54743,24.6581,54742,0.0234,54745,0.1398,54740,0.7306,54748,0.0915,54739,1.4196,54750,0.0122,54738,0.0914,54754,2.8948,54736,0.0913
ftx,BTC-PERP,1619543307861709,1619543307881178,54743,24.6581,54742,0.0234,54745,0.1398,54740,0.001,54748,0.0915,54739,1.4196,54750,0.0122,54736,0.0913,54754,3.3948,54733,0.05
ftx,BTC-PERP,1619543307886699,1619543307903802,54743,24.6781,54742,0.0234,54745,0.1398,54740,0.001,54748,0.0915,54739,1.4196,54750,0.0122,54736,0.0913,54754,3.3948,54734,1.0296
ftx,BTC-PERP,1619543307911407,1619543307927292,54743,24.6781,54742,0.0234,54745,0.1398,54740,0.001,54747,0.1,54739,1.4196,54748,0.0915,54736,0.0913,54750,0.0122,54734,1.0296
ftx,BTC-PERP,1619543307936722,1619543307954371,54743,24.6781,54742,0.0234,54745,0.2312,54740,0.001,54747,0.1,54739,1.4196,54748,0.0915,54736,0.0913,54750,0.0122,54734,1.0296
ftx,BTC-PERP,1619543307960869,1619543307976982,54743,24.6781,54742,0.0234,54745,0.2312,54740,0.001,54747,0.1,54739,0.8951,54748,0.0915,54736,0.0913,54750,0.0122,54734,1.0296
ftx,BTC-PERP,1619543307990675,1619543308027349,54743,24.6781,54742,0.0234,54745,0.2312,54740,0.001,54747,0.1,54739,0.8951,54748,0.0915,54736,0.1827,54750,0.0122,54734,1.0296
ftx,BTC-PERP,1619543308020114,1619543308036912,54743,24.6847,54742,0.0234,54745,0.2312,54740,0.001,54747,0.1,54739,0.8951,54748,0.0915,54736,0.1827,54750,0.0122,54734,1.0296
ftx,BTC-PERP,1619543308045571,1619543308063442,54743,25.3847,54742,0.0234,54745,0.2282,54740,0.001,54747,2.6134,54739,0.8951,54748,0.0915,54736,0.1827,54750,0.0122,54734,1.0296
ftx,BTC-PERP,1619543308158499,1619543308177579,54743,25.3877,54742,0.0234,54745,0.2282,54740,0.001,54747,2.6134,54739,0.8951,54748,0.0915,54736,0.1827,54754,2.6948,54734,1.0296
ftx,BTC-PERP,1619543308178255,1619543308195068,54743,25.2778,54742,0.0234,54745,0.2282,54740,0.001,54747,2.6134,54739,0.8951,54748,0.0915,54736,0.1827,54754,2.6948,54734,1.0296
ftx,BTC-PERP,1619543308202584,1619543308223746,54743,25.2778,54742,0.0403,54745,0.2282,54740,0.001,54747,2.6134,54739,0.8951,54748,0.0915,54736,0.1827,54750,0.0516,54734,0.7296
ftx,BTC-PERP,1619543308227773,1619543308247836,54743,25.2778,54742,0.0403,54745,0.2282,54740,0.001,54747,2.6134,54739,0.8896,54748,0.0915,54736,0.1827,54750,0.0516,54734,0.7296
ftx,BTC-PERP,1619543308253295,1619543308275153,54743,25.29,54742,0.0403,54745,0.1368,54740,0.001,54747,2.6134,54739,0.8896,54748,0.0915,54733,0.0914,54750,0.0516,54731,0.1913
ftx,BTC-PERP,1619543308274891,1619543308292564,54743,25.29,54742,0.0403,54745,0.1368,54740,0.001,54747,2.6134,54739,0.8896,54748,0.0915,54731,0.1,54750,0.0516,54730,0.3913
ftx,BTC-PERP,1619543308303441,1619543308332801,54743,25.4761,54742,0.0403,54745,0.1368,54740,0.001,54747,2.6134,54739,0.8896,54748,0.0915,54731,0.1,54750,0.5516,54730,0.3913
ftx,BTC-PERP,1619543308324943,1619543308351816,54743,25.4761,54742,0.0403,54745,0.1368,54740,0.001,54747,2.6134,54739,0.8896,54748,0.1829,54731,0.1,54750,0.5516,54730,0.0913
ftx,BTC-PERP,1619543308349458,1619543308364940,54743,26.2971,54742,0.0403,54745,0.1368,54740,0.001,54747,2.6134,54739,0.8896,54748,0.2286,54731,0.1,54750,0.0516,54730,0.0913
ftx,BTC-PERP,1619543308400884,1619543308420303,54743,26.2971,54742,0.0403,54745,0.1368,54740,0.001,54747,2.6134,54739,0.8896,54748,0.2286,54738,0.192,54750,0.0516,54731,0.1914
ftx,BTC-PERP,1619543308425139,1619543308441406,54743,26.5268,54742,0.0403,54745,0.1368,54740,0.001,54747,2.6134,54739,0.8896,54748,0.7286,54738,0.192,54750,0.0516,54731,0.1914
ftx,BTC-PERP,1619543308475511,1619543308492850,54743,26.5268,54742,0.0403,54745,0.1368,54740,0.001,54747,2.5134,54739,0.8896,54748,0.2286,54738,0.192,54750,0.0516,54731,0.05
ftx,BTC-PERP,1619543308500103,1619543308531587,54743,26.5268,54742,0.0403,54745,0.1368,54740,0.001,54747,2.5134,54739,0.8896,54748,0.2286,54738,0.192,54749,0.05,54731,0.05
ftx,BTC-PERP,1619543308529325,1619543308545977,54743,26.5248,54742,0.0403,54745,0.1368,54740,0.001,54747,2.5134,54739,0.8896,54748,0.2286,54738,0.192,54749,0.05,54731,0.05
ftx,BTC-PERP,1619543308554135,1619543308569753,54743,26.5248,54742,0.0403,54745,0.1368,54740,0.001,54746,0.5,54739,0.8896,54747,2.5134,54738,0.192,54748,0.2286,54731,0.05
ftx,BTC-PERP,1619543308582933,1619543308604133,54743,26.5248,54740,0.001,54745,0.1368,54739,0.8896,54746,0.5,54738,0.192,54747,2.5134,54731,0.05,54748,0.2286,54729,0.3445
ftx,BTC-PERP,1619543308629376,1619543308649138,54743,25.8248,54740,0.001,54745,0.1368,54739,0.8896,54746,0.5,54738,0.192,54747,2.5134,54731,0.05,54748,0.2286,54729,0.3445
ftx,BTC-PERP,1619543308654430,1619543308672107,54741,26.8247,54740,0.001,54743,25.7134,54739,0.8896,54746,0.5,54738,0.192,54747,2.5865,54731,0.05,54748,0.2286,54729,0.3445
ftx,BTC-PERP,1619543308680259,1619543308700834,54741,27.4167,54740,0.001,54742,0.2128,54739,0.8896,54743,25.7134,54738,0.192,54746,0.5,54731,0.05,54747,2.5865,54729,0.3445
ftx,BTC-PERP,1619543308703859,1619543308722447,54741,27.4367,54740,0.001,54742,0.3496,54739,0.8896,54743,6.6945,54738,0.192,54746,0.5,54731,0.05,54747,2.5865,54729,0.3445
ftx,BTC-PERP,1619543308729237,1619543308745694,54741,27.4367,54740,0.001,54742,0.1368,54739,0.8896,54743,6.6309,54738,0.192,54746,0.5,54731,0.05,54747,2.5865,54729,0.3445
ftx,BTC-PERP,1619543308752427,1619543308778018,54741,28.6889,54740,0.001,54742,0.1368,54739,0.8896,54743,6.6309,54738,0.192,54746,0.5,54731,0.05,54747,2.5865,54729,0.3445
ftx,BTC-PERP,1619543308781834,1619543308798822,54741,28.6889,54740,0.001,54742,0.1368,54739,0.8896,54743,6.6309,54738,0.192,54747,2.5865,54731,0.05,54748,0.2286,54729,0.3445
ftx,BTC-PERP,1619543308806453,1619543308826794,54741,28.7089,54740,0.001,54742,0.1368,54739,0.8896,54743,1.6441,54738,0.192,54748,0.2286,54731,0.05,54749,0.05,54729,0.3445
ftx,BTC-PERP,1619543308827627,1619543308843149,54741,28.6175,54740,0.001,54742,0.1368,54739,0.8896,54743,1.6319,54738,0.192,54748,0.2286,54731,0.05,54749,0.5,54729,0.3445
ftx,BTC-PERP,1619543308855710,1619543308872448,54741,28.5275,54740,0.051,54742,0.1368,54739,0.8896,54743,0.4415,54738,0.192,54748,0.2286,54731,0.05,54749,0.5,54730,0.3426
ftx,BTC-PERP,1619543308878748,1619543308903301,54741,28.4875,54740,0.101,54742,0.1368,54739,0.8896,54743,0.2554,54738,0.192,54748,0.2286,54731,0.05,54749,0.5,54730,0.3426
ftx,BTC-PERP,1619543308904567,1619543308922727,54741,28.0267,54740,0.3714,54742,0.1368,54739,0.8896,54743,0.2554,54738,0.192,54748,0.2286,54733,0.0914,54749,0.5,54731,0.05
ftx,BTC-PERP,1619543308928001,1619543308943283,54741,27.3267,54740,0.61,54742,0.1368,54739,0.8896,54743,0.2554,54738,0.192,54748,0.2286,54733,0.0914,54749,0.5,54731,0.05
ftx,BTC-PERP,1619543308952760,1619543308977846,54741,27.3389,54740,0.63,54742,0.1368,54739,0.8896,54743,0.3468,54738,0.192,54748,0.2286,54733,0.0914,54749,0.5,54731,0.05
ftx,BTC-PERP,1619543309005229,1619543309026744,54741,27.3389,54740,0.65,54742,0.1368,54739,0.8896,54743,0.3468,54738,0.192,54748,0.2286,54733,0.0914,54749,0.5,54731,0.05
ftx,BTC-PERP,1619543309030377,1619543309049173,54741,27.3389,54740,0.65,54742,0.1368,54739,0.8896,54743,0.3637,54738,0.192,54748,0.1371,54733,0.0914,54749,0.5,54731,0.3926
ftx,BTC-PERP,1619543309053248,1619543309071226,54741,27.3389,54740,0.4114,54742,0.1477,54739,0.8896,54743,0.3637,54738,0.192,54748,0.1371,54733,0.0914,54749,0.5,54732,0.05
ftx,BTC-PERP,1619543309079835,1619543309094899,54741,27.3489,54740,0.4114,54742,0.1477,54739,0.8896,54743,0.3637,54738,0.192,54748,0.1371,54733,0.0914,54749,0.5,54732,0.05
ftx,BTC-PERP,1619543309109545,1619543309134964,54741,16.3917,54740,0.3923,54742,0.1477,54739,0.8896,54743,0.3412,54738,0.192,54748,0.1371,54733,0.0914,54749,0.5,54732,0.05
ftx,BTC-PERP,1619543309145675,1619543309162437,54741,16.4417,54740,0.3923,54742,0.1477,54739,0.8896,54743,0.3412,54738,0.192,54748,0.1371,54733,0.0914,54749,0.5,54732,0.05
ftx,BTC-PERP,1619543309171480,1619543309192440,54741,16.4417,54740,0.3723,54742,0.1368,54739,0.8896,54743,0.3412,54738,0.192,54748,0.1371,54733,0.0914,54749,0.5,54732,0.05
ftx,BTC-PERP,1619543309195754,1619543309212957,54741,16.4417,54740,0.3723,54743,0.3412,54739,0.8896,54748,0.1371,54738,0.192,54749,0.5,54733,0.0914,54750,0.7296,54732,0.05
ftx,BTC-PERP,1619543309220978,1619543309238209,54741,0.5808,54740,0.3723,54743,0.3412,54739,0.8896,54748,0.1371,54738,0.192,54749,0.5,54733,0.434,54750,0.7296,54732,0.05
ftx,BTC-PERP,1619543309247930,1619543309268907,54741,0.5808,54740,0.3723,54743,0.3412,54739,0.8896,54748,0.3701,54738,0.192,54749,0.5,54737,0.009,54750,0.7296,54733,0.434
ftx,BTC-PERP,1619543309271387,1619543309289628,54741,0.5917,54740,0.3523,54743,0.3412,54739,0.8896,54748,0.3701,54738,0.192,54749,0.5,54737,0.009,54750,0.7296,54733,0.434
ftx,BTC-PERP,1619543309295930,1619543309319612,54741,0.5417,54740,0.3523,54743,0.3412,54739,0.8896,54745,16.9476,54738,0.192,54748,0.3701,54737,0.009,54749,0.5,54733,0.434
ftx,BTC-PERP,1619543309321132,1619543309346256,54741,0.5417,54740,0.3723,54743,0.3412,54739,0.8896,54745,16.9476,54738,0.192,54748,0.3701,54737,0.009,54749,0.5,54733,0.434
ftx,BTC-PERP,1619543309345071,1619543309359698,54741,0.5417,54740,0.3723,54743,0.3412,54739,0.8896,54745,16.9476,54738,0.192,54748,0.3701,54737,0.009,54749,0.5,54734,0.5245
ftx,BTC-PERP,1619543309369247,1619543309383460,54741,0.5417,54740,0.3723,54743,0.3412,54739,0.8896,54748,0.3701,54738,0.192,54749,0.5,54737,0.009,54750,0.7296,54734,0.5245
ftx,BTC-PERP,1619543309404743,1619543309424789,54741,0.05,54740,0.3723,54743,0.3412,54739,0.8896,54748,0.3701,54738,0.192,54749,0.5,54737,0.009,54750,0.7296,54734,0.5245
ftx,BTC-PERP,1619543309485937,1619543309502955,54743,0.3412,54742,0.2,54748,0.3701,54740,0.3423,54749,0.5,54739,0.8896,54750,0.7296,54738,0.192,54751,2.6452,54737,0.009
ftx,BTC-PERP,1619543309521006,1619543309539603,54743,0.3412,54742,1.6578,54748,0.3701,54741,0.5165,54749,0.5,54740,0.3423,54750,0.7296,54739,0.8896,54751,2.6452,54738,0.192
ftx,BTC-PERP,1619543309535368,1619543309552352,54743,0.3412,54742,1.6578,54748,0.3701,54741,0.5165,54749,0.5,54740,0.3223,54750,0.7296,54739,0.8896,54751,2.6452,54738,0.192
ftx,BTC-PERP,1619543309560818,1619543309577626,54743,0.3412,54742,1.6578,54748,0.3701,54741,0.5165,54750,0.7296,54739,0.8896,54751,2.6452,54738,0.192,54753,0.0731,54737,0.009
ftx,BTC-PERP,1619543309610757,1619543309629999,54743,0.3412,54742,1.6778,54748,0.3701,54741,0.5165,54750,0.7296,54739,0.8896,54751,2.6452,54738,0.192,54752,0.5,54737,0.009
ftx,BTC-PERP,1619543309644028,1619543309661511,54743,0.3412,54742,1.6978,54748,0.3701,54741,0.5165,54750,0.7296,54740,0.4108,54751,2.6452,54739,0.8896,54752,0.5,54738,0.192
ftx,BTC-PERP,1619543309737782,1619543309754970,54743,0.3412,54742,1.6978,54748,0.3701,54741,0.5165,54750,0.7835,54740,0.4108,54751,2.6452,54739,0.8896,54752,0.5,54738,0.192
ftx,BTC-PERP,1619543309786085,1619543309808222,54743,0.3512,54742,1.6978,54748,0.3701,54741,0.5165,54750,0.7835,54740,0.4108,54751,2.6452,54739,0.8896,54752,0.5,54738,0.192
ftx,BTC-PERP,1619543309810323,1619543309826169,54743,0.3512,54742,1.6988,54748,0.3701,54741,0.5165,54750,0.7296,54740,0.4108,54751,2.6452,54739,0.8896,54752,0.5,54738,0.192
ftx,BTC-PERP,1619543309835278,1619543309851201,54743,0.3512,54742,1.6988,54748,0.3701,54741,0.5165,54750,0.7296,54739,0.8896,54751,2.6452,54738,0.192,54752,0.5,54737,0.009
ftx,BTC-PERP,1619543309962025,1619543309976881,54743,0.3512,54742,1.6988,54748,0.3701,54741,0.5165,54750,0.7296,54739,0.8896,54751,2.6452,54738,0.5346,54752,0.5,54737,0.009
ftx,BTC-PERP,1619543310217253,1619543310235575,54743,0.1215,54742,1.6988,54748,0.3701,54741,0.5165,54750,0.7296,54739,0.8896,54751,2.6452,54738,0.5346,54752,0.5,54737,0.009
ftx,BTC-PERP,1619543310342123,1619543310356784,54743,0.1215,54742,2.2235,54748,0.3701,54741,0.5165,54750,0.7296,54739,0.8896,54751,2.6452,54738,0.5346,54752,0.5,54737,0.009
ftx,BTC-PERP,1619543310392557,1619543310411094,54743,0.1215,54742,2.2235,54748,0.3701,54741,0.5165,54749,0.0915,54739,0.8896,54750,0.7296,54738,0.5346,54751,2.6452,54737,0.009
ftx,BTC-PERP,1619543310419106,1619543310436886,54743,0.1715,54742,2.1735,54748,0.3701,54741,0.5165,54749,0.3308,54739,0.8896,54750,0.7296,54738,0.5346,54751,2.6452,54737,0.009
ftx,BTC-PERP,1619543310448190,1619543310465429,54743,0.4279,54742,2.1735,54748,0.3701,54741,0.5165,54749,0.3308,54739,0.8896,54750,0.7296,54738,0.5346,54751,2.6452,54737,0.009
ftx,BTC-PERP,1619543310467069,1619543310481521,54743,0.4279,54742,1.6488,54748,0.3701,54741,0.5165,54749,0.3308,54739,0.8896,54750,0.7296,54738,0.5346,54751,2.6452,54737,0.009
ftx,BTC-PERP,1619543310527799,1619543310543357,54743,0.4279,54742,1.6488,54748,0.3701,54741,0.5165,54749,0.0915,54739,0.8896,54750,0.7296,54738,0.5346,54751,2.6452,54737,0.009
ftx,BTC-PERP,1619543310567263,1619543310590264,54743,0.4279,54742,1.188,54748,0.3701,54741,0.5165,54749,0.0915,54739,0.8896,54750,0.7296,54738,0.5346,54751,2.6452,54737,0.009
ftx,BTC-PERP,1619543310642658,1619543310658315,54743,0.4279,54742,1.168,54748,0.3701,54741,0.5165,54749,0.0915,54739,0.8896,54750,0.9478,54738,0.5346,54751,2.6452,54737,0.009
ftx,BTC-PERP,1619543310674371,1619543310692598,54743,0.4279,54742,1.108,54748,0.3701,54741,0.5165,54749,0.0915,54739,0.8896,54750,0.9478,54738,0.5346,54751,2.6452,54737,0.009
ftx,BTC-PERP,1619543310717018,1619543310736252,54743,0.4279,54742,1.108,54748,0.3701,54741,0.5165,54749,26.9072,54739,0.8896,54750,0.9478,54738,0.5346,54751,2.6452,54737,0.009
ftx,BTC-PERP,1619543310742448,1619543310757821,54743,0.4279,54742,1.108,54747,0.2393,54741,0.5165,54748,0.3701,54739,0.8896,54749,26.9072,54738,0.5346,54750,0.9478,54737,0.009
ftx,BTC-PERP,1619543310796774,1619543310814979,54743,0.4479,54742,1.108,54747,0.2393,54741,0.5165,54748,0.3701,54739,0.8896,54749,26.9072,54738,0.5346,54750,0.9478,54737,0.009
ftx,BTC-PERP,1619543310820412,1619543310843117,54743,0.4879,54742,1.108,54747,0.2393,54741,0.5165,54748,0.3701,54739,0.8896,54749,26.9072,54738,0.5346,54750,0.9478,54737,0.009
ftx,BTC-PERP,1619543310841746,1619543310856611,54743,0.4879,54742,1.108,54748,0.3701,54741,0.5165,54749,26.9072,54739,0.8896,54750,0.9478,54738,0.5346,54751,2.6452,54737,0.009
ftx,BTC-PERP,1619543310868260,1619543310885153,54743,0.7272,54742,1.108,54747,22.7817,54741,0.5165,54748,0.3701,54739,0.8896,54749,26.9072,54738,0.5346,54750,0.9478,54737,0.009
ftx,BTC-PERP,1619543310893972,1619543310910914,54743,0.7272,54742,1.108,54747,22.7817,54741,0.5165,54748,0.3701,54739,0.8896,54749,0.0915,54738,0.3426,54750,0.9478,54737,0.009
ftx,BTC-PERP,1619543310967812,1619543310983991,54743,0.4879,54742,1.108,54748,0.3701,54741,0.5165,54749,0.0915,54739,0.8896,54750,0.9478,54738,0.3426,54751,2.6452,54737,0.009
ftx,BTC-PERP,1619543310992938,1619543311023034,54743,5.7893,54742,1.108,54748,0.3701,54741,0.5165,54749,0.0915,54739,0.8896,54750,0.9478,54738,0.3426,54751,2.6452,54737,0.009
ftx,BTC-PERP,1619543311042217,1619543311063816,54743,5.7893,54742,0.908,54748,0.3701,54741,0.5165,54749,0.0915,54739,0.8896,54750,0.9478,54738,0.3426,54751,26.5196,54737,0.009
ftx,BTC-PERP,1619543311093658,1619543311124062,54743,5.7893,54742,0.908,54748,0.3701,54739,0.8896,54749,0.0915,54738,0.3426,54750,0.9478,54737,0.009,54751,26.5196,54734,0.5265
ftx,BTC-PERP,1619543311191986,1619543311207302,54743,5.7893,54742,0.908,54748,0.3701,54739,0.8896,54749,0.0915,54738,0.3426,54750,0.9478,54737,0.009,54751,2.6452,54734,0.5265
ftx,BTC-PERP,1619543311370592,1619543311394364,54743,5.7893,54742,0.7435,54748,0.3701,54739,0.8896,54749,0.0915,54738,0.3426,54750,0.9478,54737,0.009,54751,2.6452,54734,0.5265
ftx,BTC-PERP,1619543311568367,1619543311588270,54743,5.7993,54742,0.7435,54748,0.3701,54739,0.8896,54749,0.0915,54738,0.3426,54750,0.9478,54737,0.009,54751,2.6452,54734,0.5265
ftx,BTC-PERP,1619543311592037,1619543311611802,54743,5.7993,54742,0.7395,54748,0.3701,54739,0.8896,54749,0.0915,54738,0.3426,54750,0.9478,54737,0.009,54751,2.6452,54734,0.5265
ftx,BTC-PERP,1619543311669952,1619543311691014,54743,5.7993,54742,0.575,54748,0.3701,54739,0.8896,54749,0.0915,54738,0.3426,54750,0.9478,54737,0.009,54751,2.6452,54734,0.5265
ftx,BTC-PERP,1619543311718652,1619543311735705,54743,5.7993,54742,0.575,54748,0.3701,54739,0.8896,54749,0.0915,54738,0.3426,54750,0.9478,54737,0.009,54751,2.6452,54734,0.5245
ftx,BTC-PERP,1619543311744033,1619543311760914,54743,5.8205,54742,0.575,54748,0.3701,54739,0.8896,54749,0.0915,54738,0.3426,54750,0.9478,54737,0.009,54751,2.6452,54734,0.5245
ftx,BTC-PERP,1619543311817130,1619543311833517,54743,5.8205,54742,0.575,54746,0.1,54739,0.8896,54748,0.3701,54738,0.3426,54749,0.0915,54737,0.009,54750,0.9478,54734,0.5245
ftx,BTC-PERP,1619543311923186,1619543311940144,54743,5.8205,54742,0.4105,54746,0.1,54739,0.8896,54748,0.3701,54738,0.3426,54749,0.0915,54737,0.009,54750,0.9478,54734,0.5245
ftx,BTC-PERP,1619543312008625,1619543312033572,54743,5.7993,54742,0.4105,54746,0.1,54739,0.8896,54748,0.3701,54738,0.3426,54749,0.0915,54737,0.009,54750,0.9478,54734,0.5245
ftx,BTC-PERP,1619543312027091,1619543312043325,54743,5.7993,54742,0.4105,54746,0.1,54739,0.8896,54748,0.3701,54738,0.3426,54749,0.0915,54737,0.009,54750,0.9478,54734,0.5424
ftx,BTC-PERP,1619543312076628,1619543312092521,54743,5.7993,54742,0.4105,54748,0.3701,54739,0.8896,54749,0.0915,54738,0.3426,54750,0.9478,54737,0.009,54751,2.6452,54734,0.5424
ftx,BTC-PERP,1619543312104650,1619543312121726,54743,6.4993,54742,0.246,54744,0.1,54739,0.8896,54748,0.3701,54738,0.3426,54749,0.0915,54737,0.009,54750,0.9478,54734,0.5424
ftx,BTC-PERP,1619543312160733,1619543312180494,54743,6.4993,54742,0.196,54744,0.1,54739,0.8896,54748,0.3701,54738,0.3426,54749,0.0915,54737,0.009,54750,0.9478,54734,0.5424
ftx,BTC-PERP,1619543312233917,1619543312253605,54743,6.5851,54742,0.196,54744,0.1,54739,0.8896,54748,0.3701,54738,0.3426,54749,0.0915,54737,0.009,54750,0.9478,54734,0.5424
ftx,BTC-PERP,1619543312286785,1619543312301510,54743,23.4827,54742,0.196,54744,0.1,54739,0.8896,54748,0.3701,54738,0.3426,54749,0.0915,54737,0.009,54750,0.9478,54734,0.5424
ftx,BTC-PERP,1619543312314159,1619543312336437,54743,23.4827,54739,0.7033,54744,0.1,54738,0.3426,54748,0.3701,54737,0.009,54749,0.0915,54734,0.5424,54750,0.9478,54733,0.0914
ftx,BTC-PERP,1619543312360819,1619543312378561,54743,23.4827,54739,0.7033,54748,0.3701,54737,0.009,54749,0.0915,54734,0.0179,54750,0.9478,54733,0.0914,54751,2.6452,54732,0.3
ftx,BTC-PERP,1619543312387176,1619543312403476,54740,0.05,54739,0.7033,54742,0.1368,54737,0.009,54743,23.4627,54734,0.0179,54748,0.3701,54733,0.0914,54749,0.0915,54732,0.3
ftx,BTC-PERP,1619543312411082,1619543312429959,54740,0.09,54739,0.7033,54742,0.1368,54737,0.009,54743,25.2893,54734,0.0179,54748,0.3701,54733,0.0914,54749,0.0915,54732,0.3
ftx,BTC-PERP,1619543312445565,1619543312465132,54740,0.6428,54739,0.7033,54742,0.1368,54737,0.009,54743,24.9071,54734,0.0179,54748,0.3701,54733,0.0914,54749,0.0915,54732,0.3
ftx,BTC-PERP,1619543312460792,1619543312477137,54740,0.6428,54739,0.7033,54742,0.1368,54737,0.009,54743,24.8371,54734,0.0179,54748,0.3701,54733,0.0914,54749,0.0915,54732,0.3
ftx,BTC-PERP,1619543312485168,1619543312501851,54740,0.647,54739,0.7033,54741,0.0101,54737,0.009,54742,0.1368,54734,0.0179,54743,24.8371,54733,0.0914,54744,27.8054,54732,0.3
ftx,BTC-PERP,1619543312530701,1619543312549409,54740,0.647,54739,0.7033,54741,0.0101,54737,0.009,54742,0.1368,54734,0.0179,54743,7.9395,54733,0.0914,54744,27.8054,54732,0.3
ftx,BTC-PERP,1619543312645765,1619543312662551,54740,0.647,54739,0.7033,54741,0.0101,54737,0.009,54742,0.1368,54734,0.0179,54743,7.9395,54733,0.0914,54744,27.8593,54732,0.3
ftx,BTC-PERP,1619543312672213,1619543312690364,54740,0.6428,54737,0.009,54741,0.0101,54734,0.0179,54742,0.1368,54733,0.0914,54743,7.9395,54732,0.3,54744,27.8593,54731,0.05
ftx,BTC-PERP,1619543312708345,1619543312724201,54740,0.6428,54737,0.009,54741,0.0101,54734,0.0179,54742,0.1368,54733,0.0914,54743,7.9405,54732,0.3,54744,27.8593,54731,0.05
ftx,BTC-PERP,1619543312736784,1619543312756526,54740,0.6228,54737,0.009,54741,0.0101,54734,0.0179,54743,7.9405,54733,0.0914,54744,27.8593,54732,0.3,54748,0.3701,54731,0.05
ftx,BTC-PERP,1619543312762878,1619543312783768,54740,0.6747,54739,0.4285,54741,0.0101,54737,0.009,54743,7.9405,54734,0.0179,54744,27.8593,54733,0.3402,54748,0.3701,54732,0.3
ftx,BTC-PERP,1619543312782083,1619543312799546,54740,0.6747,54739,0.4285,54741,0.0101,54737,0.009,54743,7.9405,54734,0.0179,54744,27.8054,54733,0.3402,54748,0.3701,54732,0.3
ftx,BTC-PERP,1619543312888352,1619543312909901,54740,0.6947,54739,0.4285,54741,0.0101,54737,0.009,54743,7.9405,54734,0.0179,54744,27.8054,54733,0.3402,54747,14.834,54732,0.3
ftx,BTC-PERP,1619543312912415,1619543312929837,54740,0.6947,54739,0.4285,54741,0.0101,54737,0.009,54743,7.9405,54734,0.0179,54747,14.834,54733,0.3402,54748,0.3701,54732,0.3
ftx,BTC-PERP,1619543313036066,1619543313051288,54740,0.6947,54739,0.4818,54743,7.9405,54737,0.009,54747,14.834,54734,0.0179,54748,0.3701,54733,0.3402,54749,0.0915,54732,0.3
ftx,BTC-PERP,1619543313060186,1619543313079523,54740,0.6947,54739,0.4818,54743,7.9405,54737,0.009,54747,14.834,54734,0.0179,54748,0.3701,54733,0.3402,54749,0.0915,54731,0.05
ftx,BTC-PERP,1619543313111802,1619543313128649,54740,0.6947,54739,0.4828,54743,7.8491,54737,0.009,54747,14.834,54734,0.0179,54748,0.3701,54733,0.7733,54749,0.0915,54731,0.05
ftx,BTC-PERP,1619543313138316,1619543313153933,54740,0.7048,54739,0.4828,54743,7.8491,54737,0.009,54747,14.834,54734,0.0179,54748,0.3701,54733,0.7733,54749,0.0915,54731,0.05
ftx,BTC-PERP,1619543313186671,1619543313204331,54740,0.7048,54739,0.4828,54743,7.8491,54737,0.009,54745,19.4555,54734,0.0179,54747,14.834,54733,0.7733,54748,0.3701,54731,0.05
ftx,BTC-PERP,1619543313212120,1619543313233300,54740,0.7048,54739,0.4828,54743,7.8491,54737,0.009,54745,19.4555,54734,0.0179,54748,0.3701,54733,0.7733,54749,0.0915,54731,0.05
ftx,BTC-PERP,1619543313236375,1619543313253051,54740,0.7048,54739,0.4828,54741,0.0914,54737,0.009,54743,7.8491,54734,0.0179,54745,19.4555,54733,0.7733,54747,0.05,54731,0.05
ftx,BTC-PERP,1619543313286091,1619543313304315,54740,0.7048,54739,0.4828,54741,0.0914,54737,0.009,54743,7.8491,54734,0.0179,54745,19.4555,54733,0.7733,54748,0.3701,54731,0.05
ftx,BTC-PERP,1619543313312146,1619543313328108,54740,0.7048,54739,0.4828,54741,0.0914,54737,0.009,54743,7.8491,54734,0.2143,54745,19.4555,54733,0.7733,54748,0.8701,54731,0.05
ftx,BTC-PERP,1619543313361576,1619543313377701,54740,0.7048,54739,0.4828,54741,0.0914,54737,0.009,54743,7.8491,54734,0.2143,54745,19.4555,54733,0.7733,54748,0.3701,54731,0.05
ftx,BTC-PERP,1619543313409797,1619543313425506,54740,0.7048,54739,0.4828,54741,0.0914,54737,0.009,54743,7.8491,54734,0.2143,54745,19.4555,54733,0.7733,54746,0.5,54731,0.05
ftx,BTC-PERP,1619543313437684,1619543313465547,54740,1.4344,54739,0.4828,54741,0.0914,54737,0.009,54743,7.8491,54734,0.2143,54745,19.4555,54733,0.7733,54746,0.5,54731,0.05
ftx,BTC-PERP,1619543313458588,1619543313478511,54740,1.4344,54739,0.4828,54741,0.0914,54737,0.009,54743,7.8491,54734,0.2143,54745,19.4555,54733,0.5245,54746,0.5,54731,0.05
ftx,BTC-PERP,1619543313487809,1619543313505704,54740,1.3825,54739,0.4828,54741,0.0914,54737,0.009,54743,7.8491,54734,0.2143,54746,0.5,54733,0.5245,54747,18.314,54731,0.05
ftx,BTC-PERP,1619543313524426,1619543313544682,54740,0.6529,54739,0.4828,54741,0.0914,54737,0.009,54743,7.8491,54734,0.2143,54746,0.5,54733,0.5245,54747,18.314,54731,0.05
ftx,BTC-PERP,1619543313590400,1619543313606386,54740,0.6529,54739,0.4828,54741,0.0914,54737,0.009,54743,7.8491,54735,0.2488,54746,0.5,54734,0.2143,54747,18.314,54733,0.5245
ftx,BTC-PERP,1619543313615779,1619543313631985,54740,0.6529,54739,0.4828,54741,0.0914,54737,0.009,54743,7.8491,54734,0.2143,54746,0.5,54733,0.5245,54747,0.05,54731,0.05
ftx,BTC-PERP,1619543313815450,1619543313830285,54740,1.3825,54739,0.4828,54741,0.0914,54737,0.009,54743,7.8491,54734,0.2143,54746,0.5,54733,0.5245,54747,0.05,54731,0.05
ftx,BTC-PERP,1619543313865733,1619543313882818,54740,1.3825,54739,0.4828,54741,0.0914,54737,0.009,54743,7.8491,54735,0.2488,54746,0.5,54734,0.2143,54747,0.05,54733,0.5245
ftx,BTC-PERP,1619543313916287,1619543313935800,54740,1.4249,54739,0.4828,54741,0.0914,54737,0.009,54743,7.831,54734,0.2143,54746,0.5,54731,0.05,54747,0.05,54729,0.0924
ftx,BTC-PERP,1619543313948575,1619543313967141,54740,1.4249,54739,0.4828,54741,0.0914,54737,0.009,54743,7.831,54734,0.2143,54746,0.5,54731,0.05,54747,17.1855,54729,0.0924
ftx,BTC-PERP,1619543313967767,1619543313986496,54740,1.4249,54739,0.4828,54741,0.0914,54737,0.009,54743,7.831,54734,0.2143,54747,17.1855,54731,0.05,54748,0.233,54729,0.001
ftx,BTC-PERP,1619543313998129,1619543314025884,54740,1.4249,54739,0.4647,54741,0.0914,54737,0.009,54743,7.9681,54734,0.2143,54747,17.2586,54731,0.05,54748,0.233,54729,0.001
ftx,BTC-PERP,1619543314032989,1619543314053608,54740,1.4249,54739,0.4466,54741,0.0914,54737,0.009,54743,7.9681,54734,0.2143,54744,0.05,54731,0.05,54747,17.1855,54729,0.001
ftx,BTC-PERP,1619543314079363,1619543314101260,54740,1.4249,54739,0.4466,54741,0.0914,54737,0.009,54743,25.0837,54735,0.2488,54744,0.05,54734,0.0179,54747,17.1855,54731,0.05
ftx,BTC-PERP,1619543314103278,1619543314121030,54740,1.4249,54739,0.4466,54741,0.0914,54737,0.009,54743,25.0837,54735,0.2488,54744,0.05,54734,0.0179,54745,0.0731,54731,0.05
ftx,BTC-PERP,1619543314130359,1619543314155295,54740,1.3825,54739,0.4466,54741,0.0914,54737,0.009,54743,25.0837,54735,0.2488,54744,0.05,54734,0.0179,54745,0.0731,54731,0.05
ftx,BTC-PERP,1619543314152024,1619543314169357,54740,1.3825,54739,0.4466,54741,0.0914,54737,0.009,54743,25.0837,54734,0.0179,54744,0.05,54731,0.05,54745,0.0731,54729,0.001
ftx,BTC-PERP,1619543314226283,1619543314243906,54740,1.3825,54739,0.4466,54741,0.0914,54737,0.009,54743,25.0837,54736,0.2469,54744,0.05,54734,0.0179,54745,0.0731,54731,0.05
ftx,BTC-PERP,1619543314254462,1619543314273986,54740,1.4715,54739,0.4466,54741,0.0914,54737,0.009,54743,25.0837,54736,0.2469,54744,0.05,54734,0.0179,54745,0.0731,54731,0.05
ftx,BTC-PERP,1619543314299948,1619543314321562,54740,1.4715,54739,0.4466,54741,0.0914,54737,0.009,54743,25.0837,54736,0.2469,54744,0.15,54734,0.0179,54745,0.0731,54731,0.05
ftx,BTC-PERP,1619543314325676,1619543314351139,54740,1.3825,54739,0.4466,54741,0.0914,54737,0.009,54743,25.0837,54734,0.0179,54744,0.15,54731,0.05,54745,0.0731,54729,0.001
ftx,BTC-PERP,1619543314351693,1619543314372104,54740,1.3825,54739,0.4466,54741,0.0914,54737,0.009,54743,25.0837,54734,0.0179,54744,0.15,54732,0.2469,54745,0.0731,54731,0.05
ftx,BTC-PERP,1619543314375501,1619543314393421,54740,1.3825,54739,0.4466,54741,0.0914,54737,0.009,54743,25.0837,54734,0.0179,54744,0.15,54731,0.05,54745,0.0731,54729,0.001
ftx,BTC-PERP,1619543314425457,1619543314441112,54740,1.3825,54739,0.4466,54741,0.0914,54737,0.009,54743,25.0837,54734,0.0179,54744,0.15,54731,0.05,54745,22.0618,54729,0.001
ftx,BTC-PERP,1619543314450711,1619543314467972,54740,1.3825,54739,0.4466,54741,0.0914,54737,0.009,54743,8.4681,54734,0.0179,54744,0.15,54731,0.05,54745,22.0618,54729,0.001
ftx,BTC-PERP,1619543314628761,1619543314644630,54740,1.3825,54739,0.4466,54741,0.0914,54737,0.009,54743,6.6415,54734,0.0179,54744,0.15,54731,0.05,54745,22.0618,54729,0.001
ftx,BTC-PERP,1619543314654000,1619543314669826,54740,1.3825,54739,0.4466,54741,0.0914,54737,0.009,54743,6.6415,54734,0.0179,54744,0.05,54731,0.05,54745,22.0618,54729,0.001
ftx,BTC-PERP,1619543314778384,1619543314793656,54740,1.3825,54739,0.4466,54741,0.0914,54737,0.009,54743,6.6415,54734,0.0179,54744,26.5629,54731,0.05,54745,22.0618,54729,0.001
ftx,BTC-PERP,1619543314803836,1619543314819665,54740,1.468,54739,0.4466,54741,0.0914,54737,0.009,54743,6.6415,54734,0.0179,54744,26.5629,54731,0.05,54745,0.0731,54729,0.001
ftx,BTC-PERP,1619543314833297,1619543314849452,54740,1.9845,54739,0.4466,54741,0.0914,54737,0.009,54743,6.6415,54734,0.0179,54744,26.5629,54731,0.05,54745,0.0731,54729,0.001
ftx,BTC-PERP,1619543314880306,1619543314896063,54740,2.2165,54739,0.4466,54741,0.0914,54737,0.009,54742,18.2157,54734,0.0179,54743,6.6465,54731,0.05,54744,26.5629,54729,0.001
ftx,BTC-PERP,1619543314906145,1619543314926128,54740,2.2165,54739,0.4466,54741,0.0914,54737,0.009,54742,18.2157,54734,0.0179,54743,6.7465,54731,0.05,54744,26.5629,54729,0.001
ftx,BTC-PERP,1619543314929954,1619543314953347,54740,2.2165,54739,0.4466,54741,0.0914,54737,0.009,54742,18.2157,54734,0.0179,54743,6.7465,54731,0.05,54744,0.05,54729,0.001
ftx,BTC-PERP,1619543314979582,1619543315002937,54740,2.2165,54739,0.4466,54741,0.0914,54737,0.009,54742,18.2157,54734,0.0179,54743,6.2465,54731,0.05,54745,0.0731,54729,0.001
ftx,BTC-PERP,1619543315053921,1619543315074710,54740,2.2165,54739,0.4466,54741,0.5914,54737,0.009,54742,18.2657,54734,0.0179,54743,5.5465,54731,0.05,54745,0.0731,54729,0.001
ftx,BTC-PERP,1619543315081720,1619543315100794,54740,2.9165,54739,0.4466,54741,0.5914,54737,0.009,54742,18.2657,54734,0.0179,54743,5.5465,54731,0.05,54745,0.0731,54729,0.001
ftx,BTC-PERP,1619543315182389,1619543315201241,54739,0.4466,54737,0.009,54740,2.9165,54734,0.0179,54741,0.5914,54731,0.05,54742,18.2657,54729,0.001,54743,5.4465,54728,0.1944
ftx,BTC-PERP,1619543315233233,1619543315255847,54739,0.4466,54737,0.009,54740,2.2165,54734,0.0179,54741,0.5914,54731,0.05,54742,18.2657,54729,0.001,54743,5.4465,54724,0.9671
ftx,BTC-PERP,1619543315257111,1619543315277459,54738,26.5485,54737,0.009,54739,0.4466,54734,0.0179,54740,0.7397,54731,0.05,54741,0.5914,54729,0.001,54742,18.2657,54724,0.9671
ftx,BTC-PERP,1619543315282222,1619543315299817,54738,27.3392,54737,0.009,54739,0.6985,54734,0.0179,54740,0.7397,54731,0.05,54741,0.5,54729,0.001,54742,18.2657,54724,0.9671
ftx,BTC-PERP,1619543315303449,1619543315321702,54738,28.6174,54737,0.009,54739,0.6985,54734,0.0179,54740,0.7397,54731,0.05,54741,0.5,54729,0.001,54742,0.05,54724,0.9671
ftx,BTC-PERP,1619543315356265,1619543315373005,54738,29.1238,54737,0.009,54739,0.6985,54734,0.0179,54740,0.7397,54731,0.05,54741,0.5,54729,0.001,54742,0.05,54724,0.9671
ftx,BTC-PERP,1619543315382223,1619543315401167,54738,29.2152,54731,0.0101,54739,0.6985,54729,0.001,54740,0.7397,54724,0.9671,54741,0.5,54723,0.9844,54742,0.05,54722,0.3
ftx,BTC-PERP,1619543315435413,1619543315453193,54738,28.4238,54731,0.0101,54739,0.4466,54729,0.001,54740,0.7397,54724,0.9671,54741,0.5,54723,0.9844,54742,0.05,54722,0.3
ftx,BTC-PERP,1619543315462773,1619543315487529,54733,21.4024,54731,0.0101,54738,28.4038,54729,0.001,54739,0.4466,54724,0.9671,54740,0.7397,54723,0.1828,54741,0.5,54722,0.3
ftx,BTC-PERP,1619543315486767,1619543315508498,54732,0.6428,54731,0.0101,54733,21.4024,54729,0.001,54737,0.9373,54724,0.9671,54738,28.4038,54723,0.7073,54739,1.1466,54722,0.3
ftx,BTC-PERP,1619543315526667,1619543315547781,54732,0.6428,54731,0.0101,54733,21.4938,54729,0.001,54737,1.0841,54724,0.9671,54738,1.5115,54723,0.7073,54739,0.4466,54722,0.3
ftx,BTC-PERP,1619543315544316,1619543315565783,54732,0.875,54731,0.0101,54733,21.4938,54729,0.001,54734,0.1007,54724,0.9671,54737,0.8368,54723,0.7073,54738,1.4615,54722,0.3
ftx,BTC-PERP,1619543315569320,1619543315587318,54732,0.875,54731,0.0101,54733,21.5693,54729,0.001,54734,0.1007,54724,0.9671,54737,0.8368,54723,0.7073,54738,1.4615,54722,0.3
ftx,BTC-PERP,1619543315624441,1619543315642111,54732,0.9101,54731,0.0101,54733,21.5693,54729,0.001,54734,0.1007,54724,0.9671,54737,0.8368,54723,0.7073,54738,1.4615,54722,0.3
ftx,BTC-PERP,1619543315693578,1619543315718888,54732,0.9101,54731,0.0101,54733,21.5693,54729,0.001,54734,0.1007,54724,0.9671,54736,2.5965,54723,0.7073,54737,0.8368,54722,0.3
ftx,BTC-PERP,1619543315818770,1619543315846300,54732,0.9135,54731,0.019,54733,21.5693,54729,0.001,54734,0.1007,54724,0.9671,54736,2.5965,54723,0.7073,54737,0.8368,54722,0.3
ftx,BTC-PERP,1619543315867797,1619543315888414,54732,0.9135,54731,0.019,54733,21.5693,54729,0.001,54734,0.1007,54724,0.8209,54736,2.5965,54723,0.1828,54737,0.8368,54722,0.3
ftx,BTC-PERP,1619543315894509,1619543315914128,54732,0.9135,54731,0.0348,54733,21.5693,54729,0.001,54734,0.1007,54724,0.8209,54736,2.5965,54723,0.1828,54737,0.8368,54720,0.001
ftx,BTC-PERP,1619543315927223,1619543315949700,54732,0.9135,54731,0.0348,54733,21.5693,54729,0.001,54734,0.1007,54720,0.301,54736,3.0337,54719,0.4356,54737,0.8368,54718,0.2783
ftx,BTC-PERP,1619543315972752,1619543315997581,54732,0.9135,54731,0.0348,54733,21.5693,54729,0.001,54736,3.0337,54720,0.301,54737,0.8368,54719,0.4356,54738,1.4615,54718,1.0079
ftx,BTC-PERP,1619543316003782,1619543316029406,54732,0.9135,54731,0.0348,54733,21.5693,54729,0.001,54736,3.0337,54720,0.301,54737,0.8368,54719,0.4356,54738,1.4615,54718,0.9579
ftx,BTC-PERP,1619543316051801,1619543316076243,54732,1.0156,54729,0.001,54733,21.5693,54720,0.3924,54736,3.0337,54719,0.4356,54737,0.1368,54718,0.9579,54738,1.5986,54717,0.0924
ftx,BTC-PERP,1619543316128258,1619543316157506,54730,16.0175,54729,0.001,54732,1.6135,54720,0.3924,54733,21.4024,54719,0.4356,54736,3.0337,54718,0.9579,54738,1.5986,54717,0.0924
ftx,BTC-PERP,1619543316150488,1619543316167909,54730,17.0093,54729,0.001,54731,0.4841,54720,0.3924,54732,1.5935,54719,0.4356,54733,21.4024,54718,0.9579,54736,3.0337,54717,0.0924
ftx,BTC-PERP,1619543316176654,1619543316205864,54730,17.0493,54729,0.001,54731,0.4841,54720,0.3924,54732,1.5935,54719,0.4356,54736,3.0337,54718,0.9579,54738,1.5986,54717,0.0924
ftx,BTC-PERP,1619543316204006,1619543316242173,54730,17.0493,54729,0.001,54731,0.2389,54720,0.3924,54732,0.7534,54719,0.4356,54736,3.0337,54718,0.9579,54738,1.5986,54717,0.0924
ftx,BTC-PERP,1619543316232260,1619543316251104,54730,17.4133,54729,0.001,54731,0.2389,54720,0.3924,54732,0.7034,54719,0.4356,54736,3.0337,54718,0.9579,54738,1.5986,54717,0.0924
ftx,BTC-PERP,1619543316611520,1619543316659545,54721,0.08,54720,0.001,54730,19.639,54719,0.3671,54731,0.2389,54718,0.8209,54732,0.7,54717,0.3924,54736,3.5337,54715,0.137
ftx,BTC-PERP,1619543316669633,1619543316684806,54721,0.08,54720,0.001,54730,19.1262,54719,0.3671,54731,0.1368,54718,0.8209,54732,0.7,54717,0.3924,54736,3.5337,54715,0.137
ftx,BTC-PERP,1619543316697804,1619543316722217,54721,0.08,54720,0.001,54730,18.4558,54719,0.3671,54732,0.7,54718,0.8209,54736,3.5337,54717,0.3924,54737,0.05,54715,0.137
ftx,BTC-PERP,1619543316725663,1619543316748172,54721,17.1851,54720,0.6508,54729,0.4828,54719,0.3671,54730,18.4958,54718,0.8209,54732,0.7,54717,0.3924,54736,3.5337,54715,0.137
ftx,BTC-PERP,1619543316747827,1619543316766929,54721,17.1685,54720,0.6508,54726,0.02,54719,0.3671,54729,0.382,54718,0.8209,54730,20.3542,54717,0.4838,54732,0.7,54715,0.137
ftx,BTC-PERP,1619543316769389,1619543316794101,54721,17.1685,54720,0.6508,54726,0.02,54719,0.3671,54729,0.382,54718,0.8209,54730,4.3367,54717,0.4838,54732,0.7,54715,0.137
ftx,BTC-PERP,1619543316795850,1619543316822594,54721,17.1285,54720,1.9298,54726,0.02,54719,0.3671,54727,0.0914,54718,0.8209,54729,0.1368,54717,0.4838,54730,4.2967,54715,0.137
ftx,BTC-PERP,1619543316819673,1619543316836438,54721,17.1285,54720,1.28,54727,0.0914,54719,0.3671,54729,0.1368,54718,0.8209,54730,4.2967,54717,0.4838,54732,0.7,54715,0.137
ftx,BTC-PERP,1619543316845442,1619543316868523,54721,17.1285,54720,1.33,54727,0.0914,54719,0.3671,54729,0.1368,54718,0.8209,54730,4.2967,54717,0.4838,54732,0.7,54715,0.137
ftx,BTC-PERP,1619543316870300,1619543316886999,54721,17.1285,54720,1.3371,54727,0.0914,54719,0.3671,54729,0.1368,54718,0.8209,54730,4.2967,54717,0.4838,54731,0.7316,54715,0.137
ftx,BTC-PERP,1619543317073625,1619543317096082,54721,17.1285,54720,1.3371,54727,0.0914,54719,0.1256,54729,0.1368,54718,0.8209,54730,4.2563,54717,0.1838,54731,0.7316,54714,0.1645
ftx,BTC-PERP,1619543317098609,1619543317116135,54721,17.1285,54720,1.3371,54727,0.0914,54719,0.1256,54729,0.1368,54718,0.7296,54730,4.0241,54717,0.0924,54731,0.7316,54714,0.1645
ftx,BTC-PERP,1619543317121398,1619543317141381,54721,17.136,54720,1.3371,54727,0.0914,54719,0.1256,54729,0.1368,54717,0.0924,54730,4.0241,54714,0.1645,54731,0.7316,54713,0.35
ftx,BTC-PERP,1619543317146615,1619543317163678,54721,17.3714,54720,1.3371,54729,0.1368,54719,0.1256,54730,4.0241,54717,0.001,54731,0.7316,54714,0.1645,54732,0.7,54713,0.35
ftx,BTC-PERP,1619543317171897,1619543317194584,54721,22.5877,54720,1.3371,54729,0.1368,54719,0.1256,54730,4.0241,54717,0.001,54731,0.7316,54714,0.1645,54732,0.7,54713,0.35
ftx,BTC-PERP,1619543317196424,1619543317213717,54721,22.3523,54720,1.3371,54729,0.1368,54719,0.1256,54730,4.0241,54717,0.001,54731,0.7316,54714,0.1645,54732,0.8371,54712,0.1828
ftx,BTC-PERP,1619543317222103,1619543317243811,54721,22.3523,54720,0.0081,54729,0.1368,54719,0.1256,54730,4.0241,54717,0.001,54731,0.7316,54714,0.1645,54732,0.7,54711,0.0068
ftx,BTC-PERP,1619543317246737,1619543317264476,54721,22.3523,54720,0.0081,54725,0.1008,54719,0.1256,54729,0.1368,54717,0.001,54730,4.5241,54714,0.1645,54731,0.7316,54713,0.0914
ftx,BTC-PERP,1619543317277864,1619543317300236,54721,22.8688,54720,0.0081,54725,0.333,54719,0.1256,54729,0.1368,54717,0.001,54730,4.5741,54714,0.1645,54731,0.7859,54711,0.0068
ftx,BTC-PERP,1619543317322307,1619543317339949,54721,22.9088,54720,0.0081,54725,0.333,54719,0.1256,54729,0.2739,54717,0.001,54730,4.5741,54714,0.1645,54731,0.7859,54711,0.0068
ftx,BTC-PERP,1619543317346172,1619543317363357,54721,22.9088,54720,0.0081,54725,0.1008,54719,0.1256,54729,0.2739,54717,0.001,54730,4.5741,54714,0.1645,54731,0.7859,54711,0.0068
ftx,BTC-PERP,1619543317371284,1619543317407856,54721,22.9088,54720,0.0081,54723,0.0914,54719,0.1256,54725,0.1008,54717,0.001,54729,0.2739,54714,0.1645,54730,4.0241,54711,0.0068
ftx,BTC-PERP,1619543317397769,1619543317413649,54721,22.9088,54720,0.0081,54723,0.0914,54719,0.1256,54725,0.1008,54717,0.001,54726,0.5,54714,0.1645,54729,0.2739,54711,0.0982
ftx,BTC-PERP,1619543317422845,1619543317441184,54721,22.9088,54720,0.0081,54723,0.0914,54719,0.1256,54725,0.1008,54717,0.001,54726,0.5,54714,0.1645,54727,0.05,54711,0.0982
ftx,BTC-PERP,1619543317448143,1619543317465337,54721,22.9013,54720,0.001,54723,0.0914,54719,0.1256,54725,0.1008,54717,0.001,54726,0.5,54714,0.1645,54727,0.05,54711,0.0068
ftx,BTC-PERP,1619543317495282,1619543317513142,54721,22.9927,54720,0.001,54723,0.0914,54719,0.1256,54726,0.5,54717,0.001,54727,0.05,54714,0.1645,54728,0.1645,54711,0.0068
ftx,BTC-PERP,1619543317529632,1619543317551309,54721,22.9927,54720,0.001,54723,0.0914,54719,0.1256,54726,0.5,54717,0.001,54727,0.05,54714,0.1645,54728,0.0914,54711,0.0068
ftx,BTC-PERP,1619543317545315,1619543317562468,54721,22.9927,54720,0.001,54723,0.0914,54719,0.1256,54728,0.0914,54717,0.001,54729,0.2739,54714,0.1645,54730,4.0241,54711,0.0068
ftx,BTC-PERP,1619543317573543,1619543317596355,54721,23.0027,54720,0.001,54722,0.2322,54719,0.1256,54723,0.0914,54717,0.001,54728,0.0914,54714,0.1645,54729,0.2739,54711,0.0068
ftx,BTC-PERP,1619543317595837,1619543317612222,54721,22.4862,54720,0.001,54722,0.2322,54719,0.1256,54723,0.0914,54717,0.001,54728,0.0914,54714,0.1645,54729,0.2739,54712,0.5245
ftx,BTC-PERP,1619543317623521,1619543317642719,54721,22.4862,54720,0.001,54723,0.0914,54719,0.1256,54729,0.2739,54717,0.001,54730,4.5741,54714,0.1645,54731,0.9504,54712,0.5245
ftx,BTC-PERP,1619543317652855,1619543317674100,54721,22.4862,54720,0.0096,54729,0.2739,54719,0.1256,54730,4.5741,54717,0.001,54731,0.9504,54714,0.1645,54732,0.7,54712,0.5245
ftx,BTC-PERP,1619543317708444,1619543317735386,54721,22.4862,54719,0.0086,54729,0.2739,54717,0.001,54730,4.5741,54714,0.1645,54731,0.9504,54712,0.5245,54732,0.7,54711,0.3982
ftx,BTC-PERP,1619543317761120,1619543317781949,54720,0.7796,54719,0.0086,54721,22.9827,54717,0.001,54729,0.1371,54714,0.1645,54730,4.6655,54712,0.5245,54731,0.9504,54711,0.3982
ftx,BTC-PERP,1619543317794371,1619543317812147,54720,0.8196,54719,0.0086,54721,22.9827,54717,0.001,54724,0.0914,54714,0.1645,54729,0.1371,54712,0.5245,54730,2.8385,54711,0.3982
ftx,BTC-PERP,1619543317820439,1619543317837661,54720,0.8196,54719,0.0086,54721,22.5571,54717,0.001,54724,0.0914,54714,0.1645,54729,0.1371,54712,0.5245,54730,2.8385,54711,0.3982
ftx,BTC-PERP,1619543317841700,1619543317858270,54720,0.8196,54719,0.0086,54721,22.5371,54717,0.001,54724,0.0914,54714,0.1645,54729,0.1371,54712,0.5245,54730,2.8385,54711,0.3982
ftx,BTC-PERP,1619543317868051,1619543317883823,54720,0.7996,54719,0.0086,54721,22.5371,54717,0.001,54724,0.0914,54714,0.1645,54729,0.1371,54712,0.5245,54730,2.8385,54711,0.3982
ftx,BTC-PERP,1619543317891666,1619543317909199,54720,0.7796,54717,0.001,54721,22.5371,54714,0.1645,54724,0.0914,54712,0.5245,54729,0.1371,54711,0.3982,54730,2.8385,54710,0.7296
ftx,BTC-PERP,1619543317919417,1619543317944977,54720,0.783,54717,0.001,54721,22.5371,54714,0.1645,54724,0.0914,54712,0.5245,54729,0.1371,54711,0.0982,54730,2.2885,54710,0.7296
ftx,BTC-PERP,1619543317943235,1619543317964493,54720,0.763,54717,0.001,54721,22.2651,54714,0.1645,54724,0.0914,54711,0.0068,54729,0.1371,54710,0.7296,54730,2.2885,54708,0.0914
ftx,BTC-PERP,1619543317968408,1619543317995875,54718,0.9036,54717,0.001,54720,0.763,54714,0.1645,54721,22.2651,54711,0.0068,54724,0.0914,54708,0.0914,54729,0.1371,54707,0.3
ftx,BTC-PERP,1619543318000488,1619543318022727,54718,0.9436,54717,1.28,54719,0.2447,54714,0.1645,54720,0.763,54711,0.0068,54721,22.2651,54708,0.0914,54724,0.0914,54707,0.3
ftx,BTC-PERP,1619543318031173,1619543318057396,54718,0.9436,54717,1.28,54719,0.2447,54714,0.1645,54720,0.2302,54711,0.0068,54721,22.2651,54708,0.0914,54724,0.0914,54707,0.3
ftx,BTC-PERP,1619543318050546,1619543318076828,54718,0.9436,54717,1.28,54720,0.1457,54714,0.1645,54721,22.2651,54711,0.0068,54724,0.0914,54708,0.0914,54728,0.6231,54707,0.3914
ftx,BTC-PERP,1619543318078770,1619543318096443,54718,1.1564,54717,1.28,54720,0.1457,54714,0.1645,54721,22.2651,54711,0.0068,54724,0.0914,54708,0.0914,54728,0.6231,54707,0.3914
ftx,BTC-PERP,1619543318100699,1619543318117918,54718,1.1564,54717,1.28,54720,0.1402,54712,0.2106,54721,22.2651,54711,0.0068,54724,0.0914,54708,0.0914,54728,0.6231,54707,0.3914
ftx,BTC-PERP,1619543318201069,1619543318218050,54718,1.1564,54717,0.001,54720,0.1402,54712,0.2106,54721,22.2651,54711,0.0068,54724,0.0914,54708,0.0914,54728,0.6231,54707,0.3914
ftx,BTC-PERP,1619543318251571,1619543318271325,54718,1.1564,54717,0.001,54720,0.1402,54711,0.0068,54721,22.2651,54708,0.0914,54724,0.0914,54707,0.3914,54728,0.6231,54706,0.0914
ftx,BTC-PERP,1619543318276097,1619543318298297,54718,1.1564,54717,0.001,54720,20.0056,54711,0.0068,54721,22.2651,54708,0.0914,54724,0.0914,54707,0.3914,54728,0.6231,54706,0.0914
ftx,BTC-PERP,1619543318304969,1619543318322934,54718,1.1564,54717,0.001,54720,20.0056,54711,0.0013,54721,5.7828,54708,0.0914,54724,0.0914,54707,0.3914,54728,0.6231,54706,0.0914
ftx,BTC-PERP,1619543318350627,1619543318369468,54718,1.1564,54717,0.001,54720,20.0056,54711,0.0013,54721,5.7828,54706,0.0914,54724,0.0914,54705,3.0,54728,0.0731,54704,0.8562
ftx,BTC-PERP,1619543318381434,1619543318403267,54718,17.2178,54717,0.001,54720,20.0056,54711,0.0013,54721,5.7828,54705,3.0,54724,0.0914,54704,0.8562,54726,0.05,54703,0.5
ftx,BTC-PERP,1619543318400869,1619543318419326,54718,17.9474,54717,0.001,54720,0.1402,54711,0.0013,54721,5.7828,54705,3.0,54724,0.0914,54704,0.8562,54726,0.55,54703,0.5
ftx,BTC-PERP,1619543318454747,1619543318475936,54718,17.9474,54717,0.001,54719,0.0457,54711,0.0013,54720,0.1402,54705,3.0,54721,5.7828,54704,0.8562,54724,0.0914,54703,0.5
ftx,BTC-PERP,1619543318482509,1619543318506638,54718,17.9474,54711,0.0013,54719,0.1371,54705,3.0,54720,0.1368,54704,0.8562,54721,5.7828,54703,0.5,54722,0.0731,54702,0.4414
ftx,BTC-PERP,1619543318554801,1619543318580769,54718,17.836,54711,0.0013,54719,0.1371,54705,3.0,54721,5.8328,54704,0.8562,54722,0.0731,54703,0.5,54724,0.0914,54702,0.3914
ftx,BTC-PERP,1619543318580752,1619543318602195,54712,0.509,54711,0.0013,54717,0.8684,54706,0.2447,54718,17.836,54705,3.0,54719,0.1371,54704,0.8562,54721,5.8328,54703,0.5
ftx,BTC-PERP,1619543318601058,1619543318618585,54712,1.0218,54711,0.0013,54717,0.8684,54706,0.2447,54718,17.8394,54705,3.0,54719,0.1371,54704,0.8562,54721,5.8328,54703,0.5
ftx,BTC-PERP,1619543318631255,1619543318648712,54712,20.1039,54711,0.0013,54717,0.8684,54706,0.2447,54718,17.4548,54705,3.0,54719,0.1371,54704,0.8562,54721,6.3328,54703,0.5
ftx,BTC-PERP,1619543318652154,1619543318672201,54712,20.1039,54711,0.0013,54717,0.8684,54706,0.2447,54718,1.3034,54705,3.0,54719,0.1371,54704,0.8562,54721,6.3328,54703,0.5
ftx,BTC-PERP,1619543318677890,1619543318699237,54712,20.1953,54711,0.0013,54717,0.8684,54705,3.0,54718,0.8544,54704,0.8562,54719,0.1371,54703,0.5,54721,6.3328,54702,0.3914
ftx,BTC-PERP,1619543318722664,1619543318743966,54712,20.1953,54711,0.0013,54716,0.0604,54705,3.0,54717,0.8684,54704,0.8562,54718,0.8544,54703,0.5,54719,0.1371,54702,0.3914
ftx,BTC-PERP,1619543318773100,1619543318788788,54712,20.1953,54711,0.0013,54717,0.8684,54705,3.0,54718,0.8544,54704,0.8562,54719,0.1371,54703,0.5,54721,6.3328,54702,0.3914
ftx,BTC-PERP,1619543318798524,1619543318813987,54712,20.1953,54711,0.0013,54717,0.8684,54705,3.0,54718,0.8544,54704,0.8562,54719,0.1371,54703,0.5,54721,5.7828,54702,0.3914
ftx,BTC-PERP,1619543318823629,1619543318843656,54712,20.0839,54711,0.0013,54717,0.8684,54705,3.0,54718,0.8243,54704,0.8562,54719,0.1371,54703,0.5,54721,5.7828,54701,0.05
ftx,BTC-PERP,1619543318873771,1619543318891809,54712,20.0839,54711,0.0013,54717,0.8684,54705,3.0,54718,0.8243,54704,0.8562,54719,0.1371,54703,0.5,54721,5.7828,54702,0.137
ftx,BTC-PERP,1619543318898409,1619543318914255,54712,20.0839,54711,0.0013,54714,0.0914,54705,3.0,54717,0.8684,54704,1.1562,54718,0.8243,54703,0.5,54719,0.1371,54702,0.137
ftx,BTC-PERP,1619543318949413,1619543318966456,54712,20.0839,54711,0.0013,54714,14.9883,54705,3.0,54717,0.8684,54704,1.2476,54718,0.8243,54703,0.5,54719,0.1371,54702,0.137
ftx,BTC-PERP,1619543318976529,1619543318993854,54712,20.0639,54711,0.0013,54714,14.9883,54705,3.0,54717,0.8684,54704,1.2476,54718,0.8243,54703,0.5,54719,0.1371,54702,0.137
ftx,BTC-PERP,1619543319016467,1619543319043734,54712,1.0318,54711,1.2803,54714,14.9883,54705,3.0,54717,0.8684,54704,0.9476,54718,0.8243,54703,0.5,54719,0.1371,54701,0.05
ftx,BTC-PERP,1619543319044456,1619543319062262,54712,1.0318,54711,1.3303,54713,25.6017,54705,3.0,54714,14.8969,54704,0.8562,54717,0.8684,54703,0.5,54718,0.8243,54702,0.3
ftx,BTC-PERP,1619543319065386,1619543319081001,54712,6.3875,54711,1.3303,54713,25.6017,54705,3.0,54714,14.8969,54704,0.8562,54717,0.8684,54703,0.5,54718,0.8243,54702,0.3
ftx,BTC-PERP,1619543319090722,1619543319106612,54712,6.3875,54711,1.3303,54713,25.6017,54705,3.0,54717,0.8684,54704,0.8562,54718,0.8243,54703,0.5,54719,0.1371,54702,0.3
ftx,BTC-PERP,1619543319139860,1619543319155643,54712,6.3875,54711,1.3303,54713,25.6017,54705,3.0,54717,0.8684,54704,0.8562,54718,0.8209,54703,0.5,54719,0.1371,54702,0.3
ftx,BTC-PERP,1619543319193142,1619543319208234,54712,6.3875,54711,1.3503,54713,25.6017,54705,3.0,54715,25.0381,54704,0.8562,54717,0.8684,54703,0.5,54718,0.8209,54702,0.3
ftx,BTC-PERP,1619543319220080,1619543319241794,54712,6.4989,54711,1.3503,54715,25.0381,54705,3.0,54717,0.8684,54704,0.1266,54718,0.8209,54703,0.5,54719,0.1371,54702,0.3
ftx,BTC-PERP,1619543319240487,1619543319260720,54712,6.4989,54711,1.3503,54715,25.0381,54705,3.0,54717,0.8684,54704,0.1266,54718,0.8209,54703,0.5,54719,0.1371,54702,0.3914
ftx,BTC-PERP,1619543319295411,1619543319313206,54712,6.4989,54711,0.2418,54715,25.0381,54705,3.0,54717,0.8684,54704,0.1266,54718,0.8209,54703,0.5,54719,0.1371,54702,0.3914
ftx,BTC-PERP,1619543319322520,1619543319340645,54712,7.2097,54711,0.2418,54715,25.0381,54705,3.0,54717,0.8684,54704,0.1266,54718,0.8209,54703,0.5,54719,0.1371,54702,0.5638
ftx,BTC-PERP,1619543319371529,1619543319391179,54712,7.2131,54711,0.2418,54715,25.0381,54705,3.0,54717,0.8684,54704,0.1266,54718,0.8209,54703,0.5,54719,0.1371,54702,0.5638
ftx,BTC-PERP,1619543319420892,1619543319436277,54712,7.2131,54711,0.2418,54715,25.0381,54705,3.0,54717,0.8684,54704,0.1266,54718,0.8209,54703,0.5,54719,0.1371,54702,0.2638
ftx,BTC-PERP,1619543319447725,1619543319467952,54712,7.2131,54711,0.2418,54715,25.0381,54705,3.0,54716,4.6881,54704,0.1266,54717,0.8684,54703,0.5,54718,0.8209,54702,0.1724
ftx,BTC-PERP,1619543319499967,1619543319538626,54712,7.3638,54711,0.2495,54714,28.5928,54705,3.0,54715,25.0381,54704,0.1266,54716,4.6881,54703,0.5,54717,0.8684,54702,0.1724
ftx,BTC-PERP,1619543319528927,1619543319546171,54712,7.3638,54711,0.2495,54714,28.5928,54705,3.0,54716,4.6881,54704,0.1266,54717,0.8684,54703,0.5,54718,0.8209,54702,0.1724
ftx,BTC-PERP,1619543319554715,1619543319572243,54712,7.3638,54711,0.0277,54714,28.5928,54705,3.0,54716,4.6881,54704,0.1266,54717,0.8684,54703,0.5,54718,0.8209,54702,0.1724
ftx,BTC-PERP,1619543319579835,1619543319596752,54712,7.2131,54711,0.0277,54714,28.5928,54705,3.0,54716,4.6881,54704,0.1266,54717,0.8684,54703,0.5,54718,0.8209,54702,0.1724
ftx,BTC-PERP,1619543319708877,1619543319728396,54712,33.4963,54705,2.8856,54714,28.5928,54704,0.1266,54716,4.6881,54703,0.5,54717,0.8684,54702,0.1724,54718,0.8209,54701,0.1414
ftx,BTC-PERP,1619543319764123,1619543319783693,54712,33.4049,54711,0.0014,54716,4.6881,54705,2.8856,54717,0.8684,54704,0.1266,54718,0.8209,54703,0.5,54719,0.6871,54702,0.1724
ftx,BTC-PERP,1619543319787350,1619543319805381,54712,33.3849,54711,0.0014,54716,4.6881,54705,2.8856,54717,0.7316,54704,0.1266,54718,0.8209,54703,0.5,54719,0.9094,54702,0.1724
ftx,BTC-PERP,1619543319817696,1619543319838752,54712,33.3849,54711,0.0014,54716,4.6881,54705,2.8866,54717,0.7316,54704,0.1266,54718,0.8209,54703,0.5,54719,0.9094,54702,0.1724
ftx,BTC-PERP,1619543319863489,1619543319885341,54712,33.4763,54711,0.0014,54716,4.6881,54705,2.8856,54717,0.7316,54704,0.1266,54718,0.8209,54703,0.5,54719,0.4094,54702,0.1724
ftx,BTC-PERP,1619543319889723,1619543319908949,54712,7.2431,54711,0.0014,54716,4.6881,54705,2.8856,54717,0.7316,54704,0.1266,54718,0.8547,54703,0.5,54719,0.3594,54702,0.1724
ftx,BTC-PERP,1619543319938357,1619543319965194,54712,7.2612,54711,0.0014,54716,4.6881,54705,2.8856,54717,1.2316,54704,0.1266,54718,0.8547,54703,0.5,54719,0.3594,54702,0.1724
ftx,BTC-PERP,1619543319962857,1619543319982849,54712,7.2612,54711,0.0014,54716,4.6881,54705,2.8856,54717,1.2816,54704,0.1266,54718,0.8547,54703,0.5,54719,0.3594,54702,0.1724
ftx,BTC-PERP,1619543319990405,1619543320038504,54712,7.2612,54705,2.8856,54716,4.6881,54704,0.1266,54717,1.2816,54703,0.5,54718,0.9278,54702,0.1724,54719,0.3594,54701,0.05
